2018/01/02 8c75fc00
    ea195763:3c999b39:750995ca:d12d5075:366d713c   5.29400 A
    * da83ad9c:876bcc9b:e8e7bfa8:f49f984f:3cd9afb2   -629.33 B

2018/01/02 0686ac81
    10cf405d:355c223a:6233b01d:2946369f:23c4ddc7   5.69700 C
    * cbea427f:5e65700a:b1745aa1:821bc9e5:20cc82be   -311.42 B

2018/01/02 df8ae9f4
    7fdf9a20:aac3344b:cd7e4ec1:64226e78:42e234bd   3.79100 D
    * 31a345a1:28892131:3434fa61:f8d7a926:82daa126   -173.70 B

2018/01/02 6ee54d1f
    c8f2f2e8:ebe6ef5a:f877f9e3:16f93153:95683490   5.74800 E
    * cf3a889f:adfc4122:a10dfdac:2e49c367:b6a2b313   -475.94 B

2018/01/02 15813e06
    435949b8:e48b4167:b148de0e:f05cf5a3:a653ace7   1.22300 F
    * bc9902f1:38fb5266:323e14aa:963fe390:116f4515   -181.31 B

2018/01/02 f3c07fff
    8e0f3c5d:774b529e:90a75bbe:ef5c8847:9918f9d2   2.55900 G
    * 27f7acf9:411dd598:68cd1c70:35444f84:10ec9acf   -352.15 B

2018/01/02 acdf44fc
    fc96e353:50d7b7bd:1b8d86fd:dce1058b:bebb2134    144.42 B
    e3014b4d:c4473342:d14a3b3a:c0b59d97:7562c2f1:577bf35c  

2018/01/02 7b86f7f1
    fa854641:c195d12d:a86ab052:b222605a:a0b82c90     43.33 B
    6fdc7f00:ea457911:591eff71:ec3d10c7:868b59fa           0
    2c21797c:6d9a23f6:d97b3bd1:1bfb8b8a:7455ff43    -43.33 B

2018/01/02 dc570560
    e3a33762:397155e0:3d274d74:4480b319:908aa229   1.24400 I
    8d0ec942:161f3751:ae20b881:228a840f:4ebe71ba   -101.09 B

2018/01/02 6833e25b
    * bcbae15e:bcf9a5d5:feb5f841:71a6626a:87f3ec1f     30.67 B
    5d39bd1d:7a7cb5c4:0503e496:991d8c04:486b6cef           0
    687ae30f:dc271c0c:2bd6076c:4416844a:753c797c:6afee3cc    -30.67 B

2018/01/02 bfc87dce
    00f849e1:69ccd5cf:313c8e54:a8ed42e0:4d025d27   0.37700 K
    067cbacd:4e665862:929e4fdb:2ad82d73:81d476fd    -30.67 B

2018/01/02 bc788762
    * 13996ab3:e296e4c2:41022eed:3e56aa7c     1,095 L
    6096ccb4:a5d1a9fd:d3f48680:f50d565f  

2018/01/02 7677eb05
    bf3c2c7b:d85dfd9b:013acdb8:b49da7c1        907 L
    af51d6ef:ddbbd8b1:c0e8abbe                  14 L
    * 6720bf16:c6c7e1a7:7701546d              -921 L

2018/01/02 f2e465fb
    b079bc56:1cfb8129:704788d5:7b9fd9b5        500 L
    * e1b7522d:c777f34b:3379c227

2018/01/02 2196b6d5
    aa41b560:2d7841e2:3ee57678                 385 L
    * 1789d6b0:9fb552d5:e60de72c

2018/01/03 b480a3df
    1e8f2a28:ecb9a109:0ee80866:413b99fc:f77ba3e3   0.49600 M
    f91c17e1:4260dde0:25fab05d:b9d4bee2:965fb838    -14.12 B

2018/01/03 02506745
    db7bc573:d93ba336:28149290                 341 L
    * fa363ecc:7f415f8e:2c5ebc60

2018/01/04 9ce9be5a
    108fe11e:300fe6f9:36e93eca                 151 L
    * d1d61840:8423e684:cfc2efa3

2018/01/04 8a481d59
    427ee081:b9962bc7:f1a3d829:9fa12ddd:9a9f8ab3      0.01 B
    3d13ff20:f2656c09:34a046b2:cad10679:0df26ece  

2018/01/05 fcf4df90
    82add6de:84bfc170:c54b84d5              25,000 L
    62e93e86:29c6b3fe:2af632c6                  15 L
    * 81ebfb89:8f9c7a54:d020aef2:378520c5   -25,015 L

2018/01/05 ab823182
    6f45f882:2ff512de:eb4f7357                 417 L
    * f2f496d9:9282be81:d8fd6789

2018/01/05 d5d4f77e
    ec6595bd:c9961668:860ae9f1               1,000 L
    ccb2959f:125ce38b:229fec68:16e88462  

2018/01/06 781635d3
    a625079a:0810165a:483a2c81:d955d25e       -149 L
    * 66cdb0f3:4cb22c0a:851328d4

2018/01/08 e3a6007e
    5e50fe44:00c38932:2a102dc0                 352 L
    * b0c49ec4:cf1b8c34:c8bd300c

2018/01/09 dc0d0d12
    * 4321130c:1003fd18:2e5bb3e6           106,876 L
    * ac5b41b8:5c76be94:0754ea51:26f56b8c  

2018/01/09 317f122f
    69323959:2ab1b102:b678cf1c:c38c5a5a     -3,120 L
    38616dcb:cd68a0f5:bdb9259b

2018/01/09 b1b9bcbf
    9c3b1b0f:3d7e1dc2:6311d229:71ba29c2      3,000 L
    2bd49e8a:f8d3b3f8:3bd08d80                   5 L
    * ee010855:82634ac6:0bcf2dde:3349ad45    -3,005 L

2018/01/10 f4424f57
    51c5c176:22e11202:d0420ebb                 286 L
    * 09210afa:9e4be088:887f0dcf

2018/01/11 c056be44
    * 226bfce6:1ac5546d:f78188e4:7b730758     1,900 L
    8eb139b7:82cca8a3:98a0ea26:d87aebcf:7a3e119b  

2018/01/12 fa533c9a
    1a232563:ab5fa3e2:e8e7ec6e:445960ac        500 L
    * f0b4094e:f1c84e07:8c233ef7

2018/01/15 1d21de68
    * 576b6f2d:769fa1d9:e356a614:f05d2554       774 L
    c30308e5:78ebc0e6:987d7638

2018/01/16 a5a84f7a
    08d015a7:a4a1228f:6db3863a                 352 L
    * de9a66b3:8ae4cbab:c3fbdea2

2018/01/17 85b8df78
    3cd5df22:dac7dd11:39b8ddf9                 150 L
    * 05bbff04:e5771c96:1ff561be

2018/01/18 947317f1
    * 305dc6e1:619810b1:12638ffd              -209 L
    0ff60ccc:900ef3e2:86a2a4f9:30ec756b        206 L
    aab72e29:4b85a2a1:ef375f35                   3 L

2018/01/19 3ae7e563
    22d69340:8a31584a:d7565c42:f61c8e27       -400 L
    d266cc87:9558c882:7c3753b8

2018/01/19 993b1f5d
    64ac3f5e:2c3fb85f:989100e8:676e26af      3,000 L
    * 6a7f634f:e12e35aa:576e7d2f:2c0551c4  

2018/01/20 47c4b9db
    85a9397f:59eac2e1:bda9c2fe:e20890f0        500 L
    * f227c93e:2b325266:27925e3f

2018/01/21 96056a6d
    f63458a8:1af1d768:11eec1e8               9,150 L
    * b0047d3f:61e7293f:af5ddc98

2018/01/22 fdc80071
    f864717e:9c2be227:e6acafe0               5,700 L
    27ff2ead:200813dc:9c23605e                  15 L
    * 89e9854f:c6a13f25:3ee06540:8484e4e9    -5,715 L

2018/01/22 ba48ec59
    449e892f:7cb3e17b:54dad248:52a5685f        280 L
    * ea9ca253:a33ce46f:470f119c

2018/01/22 7c14b0da
    bb5f371e:3e7bfbf3:7a74497e:0c1d6d1e        370 L
    * 898e8256:dfc58d5b:91d65fd5

2018/01/22 583cf6c8
    dc0b13a5:080ff7aa:7551be5c                 341 L
    * 7f3565d1:55b8fc7b:646d66de

2018/01/23 b66f5098
    92585c09:e3df904d:359accb9                 205 L
    9bdaebc3:0cbdfc8b:60bbb78a:51f1b07e  

2018/01/24 497206c7
    1e1c615d:1c33bad8:17cbdfd9                 135 L
    * e56bcd07:c50a8fa9:cd5a887d

2018/01/25 1dea6f67
    269a7f49:c1455542:a278fbf3:c612d585      1,000 L
    67a56218:1d9ee208:61e1789b:9a17871c  

2018/01/25 25debf7b
    f6cfa82c:d3627a15:74719306                 950 L
    * 54a0a8c0:eb6e31fc:b92b8d5c:528d1c8d    -1,577 L
    adbd45f7:e3abc135:7b396070                 164 L
    6556467d:934326cf:e95ff3e7                 399 L
    150709e1:187eb2ea:1e83bbdb                  64 L

2018/01/25 b9fb13a9
    * 69353953:09c6cc84:2fea0987:ee23556a   792,054 L
    d0a260f0:2833c2fc:d13fc126            -231,667 L
    720c60b3:a3bb82d3:b220fe5b:dab77a61     -2,900 L
    abeef6a2:0e32958e:a8967535:2d2be8f0:abefb135    42,743 L
    b065354d:c9cb418b:9ad8c4c6:e26306ef        962 L
    d9bb3ed8:1ab96c35:cfd12cb5:9324a481      2,561 L
    1938ba22:48e36039:2b0888f1:bebecccc     -9,000 L
    0c33d7a4:d0ee648e:06787851:23bb7005:ea725823     9,000 L
    424cfd7e:f6fce837:d26e07e2:39ee4c9f     -1,300 L
    b5fbd9d0:218c51f9:72d7d5ab:a34ba4c4:a09a0c04     6,000 L
    02ffb5bb:db0fe15e:13d8a39b:b9892b6c     -4,283 L
    c646348e:8ffa105d:dcd5561a:27ee5db8      4,283 L
    3eb20918:885a38c2:bd963739:15bf8bff:b7bf77d2       214 L
    a6614ebf:69d87626:14958eaf:f13bec69:0d6ffb11   -85,000 L
    2c4f0136:220014a1:585fa503:64fbdced:7a20dc51  -540,000 L
    a9035acc:a891e887:3dd127ba              18,000 L
    b30c6d6e:bb82c7cb:4984e2df:32c0487a     -1,667 L
    41e57327:cfbea784:641e1de3:f2034a4a        -88 L
    6305c63e:631e8b6c:4d841fb4:ffe6692c:79eab1b5        88 L

2018/01/25 e74b1756
    c463b0e4:30020b2d:a04327fb:ac39fa25     10,474 L
    f65646cc:8fd084eb:92986b4b:0bea507c  

2018/01/27 dc04efb6
    9a5bcb11:fff26a22:7037cc2e               1,780 L
    23b6fc3d:81eed321:bf9f4cc5:abcf1996     -2,000 L
    5403b84c:ef1b954f:b9f42548:310089cb        420 L
    0595faa7:9b52d8a8:2b1c91f4                -200 L

2018/01/28 f46e47d3
    abf213ac:0175ce2e:852c42c2:85282e3a         37 L
    4163e206:9f733a9f:c02c7e07                   1 L
    * 5a3594e6:dea2879d:ec70d05e               -38 L

2018/01/29 cdb92f54
    5b1d538f:835d5f56:6fc45092                 308 L
    * 662f7c4d:b82f8223:45203bd1

2018/01/30 d402302c
    * c730c3c8:a8a1d4c2:795abe04            -1,025 L
    8369c2f0:39db2cd7:f7097563

2018/01/30 567d16ef
    9d0c106b:b43eb6ef:69fbed76                 100 L
    * 3334942e:305d277f:70787662

2018/01/31 f489240e
    * 3770abd7:2e578f54:fc605958             2,026 L
    * 40b9fb81:2f599615:a2fd661f:718d5e26  

2018/01/31 95580daa
    9499e919:0aa31221:8c2f4963                  85 L
    7d472a88:e1455dea:244e1a56:626fbc85  

2018/01/31 663fa482
    0a8d183e:c126e371:f1d8c8ee                 275 L
    * b79bdaf3:cdc04be4:67e87b7c

2018/02/01 c745b6ef
    * 693c7807:a89e440d:82ed3497:d221a3f6     1,095 L
    24264019:1355007c:236f7b4c:cfc5674e  

2018/02/02 89886028
    2efd9e36:d854abb2:493c3d76:9bac20ce      3,380 L
    52d5ca32:94ef6e62:bf5bcd38                  51 L
    * 119f537e:9bbecf37:f1218e60            -3,431 L

2018/02/02 f309d37f
    33b5750e:eff3f7e7:5ebcc08e:052b1dfd        500 L
    * 4592eaca:0e992dde:d2c526b2

2018/02/03 cc8df01b
    * 6262f4c1:5a2f31e9:ab065380:a00ac4cf      -935 L
    1b02e701:760e6683:1128d072

2018/02/05 e42171eb
    3c4d1bc0:1829165f:70de1b80              25,000 L
    c5498b3d:e10cd6f3:7a740acc                  15 L
    * 7a600953:35cfd548:4865a241:1fb33310   -25,015 L

2018/02/05 40df675d
    aa4bad9c:b4aceffa:ee093cd6:06031c9e:5739e704  4000.000 N
    c99cb71a:a84165c5:1d12ab52                 473 L
    * 47450e62:5dc22e4a:06bfa051:14edb7af  -333,073 L

2018/02/05 9fa9c256
    3f84f220:9bcc2915:867b6a1f                 417 L
    * 0d03018f:86ac29ac:147953bd

2018/02/05 b34be9ab
    4a15e7b8:0aa1f58e:deca878e               1,000 L
    dc357d40:00e3f26e:1679bc03:7419f169  

2018/02/06 c4615f78
    5322413a:ef69f7f5:4bacdbd0:432441be:c936cdc4  2000.000 O
    c721ee31:d762b88f:970e2f4c                 227 L
    * 09a440dc:5276d524:e3777715:12d63adc  -159,627 L

2018/02/06 67caef66
    * b465ce1c:90347372:f90f43d7:9a883c3a  -332,282 L
    * 3adb99f2:8126a446:248ee97a:dbe6afde  

2018/02/06 af750af7
    78b8185a:1c364be7:0339f024:b8b9e2b4      3,000 L
    * 45bc1752:6ca95b7d:1b484bfc:7bc7bed9  

2018/02/06 7529e1f2
    011285d5:855df80c:ec1c9985                 280 L
    * c6e224a1:616aac37:aa9a8e3e

2018/02/07 f3d0a1a9
    * dd0f4d49:4f0c06bc:9bcd0939:4e392724   159,627 L
    * 568f4b2a:88beee5c:cf70cab5:3ca1d81b  

2018/02/07 95e09218
    2e1a24ae:f552fef6:26b1318e                 100 L
    * 78838f14:651e7918:f63db4c7

2018/02/07 836b0de4
    0ff57707:ed723498:07b562d7:04780994:9370849b    146.70 B
    dd55d9b4:43b3aec2:e758aada:58f74bc6:084a4c25:f336e6b4  

2018/02/07 d321c093
    645710b2:6fa228b6:0f5d959b:f3bd97d3:ac909584     44.01 B
    cc4002c1:e7a53f7f:8946478a:ab2d1b7f:31020de8           0
    ed02046b:b7672abb:4cefa2c0:266c05a4:9f3f1971    -44.01 B

2018/02/07 6280556b
    d2c7095c:d38538e0:dd836297:93fef73e:4cf569ed   1.28400 Q
    c4f809fb:618074f5:83728b2e:82de6cb7:c7b0c1ee   -102.69 B

2018/02/08 c66b4e82
    7f448894:8e5605f4:1fc835d5:0b076458:d8f70d91     18.34 B
    a33ce01a:0739e657:2509cfd9:4b6c4675:2880c9e3           0
    5e0e1747:cd74417f:591d703a:40d9a5f1:db78c589:e486b26b    -18.34 B

2018/02/08 e999da9b
    77c2890f:3ea495e8:5c9ab7eb:fec25aac:fdd467f6      5.50 B
    3424423d:a7819c89:34f2ca15:625797e8:adc18f86           0
    99ee1478:bbde493f:806db15c:83107201:73237ef7     -5.50 B

2018/02/08 337fe76a
    daaa86f7:8cf097b1:9f9cdba1:b6a7d364:99d760c5   0.44500 S
    41f405f9:65edabe0:ed6526ee:e5031379:3f6a09df    -12.84 B

2018/02/08 37984b3b
    edb329b5:ae5d18d9:010191e5                 310 L
    f7353a2d:e8c873b8:0ea43af5:07280756  

2018/02/08 5b8c61d7
    bf4d1234:10d4fe16:39d52a2b               1,260 L
    * 67a2b990:6de02969:12cffbb8

2018/02/08 e04b9d6e
    * a7161ac8:c1c8678b:8b695336                10 L
    722d7a46:76176741:74334ee0:0e140fe6  

2018/02/09 47ce10b7
    * d0c1d31c:4a0fb175:13ea34a5            12,668 L
    * e2a67a75:4cfc856f:3dbd77f7:f6c30ad7  

2018/02/10 fa0dca41
    42a45389:6039b1e7:4aaf037a                 365 L
    * c12609bb:353df774:09d66165

2018/02/11 c2f03a9a
    ac890993:323e0cb9:a9938ff4:afffaca1       -645 L
    cac4083e:7a3e7796:fb584207

2018/02/13 511d2579
    81de9d67:0ada8da8:402b5523:c1550a27     20,000 L
    * 5a6f6602:9654f08d:eb37cb9e:2b7b5f8f  

2018/02/13 927afbb8
    b4fe0190:99339897:5f7b71f0:ea84b6b7     40,000 L
    * 84c7e07d:44df3ac8:112ebd7f:4409beb5  

2018/02/13 2a57a077
    4ef35278:9b07fa4d:569bf926:dadcc2c7      1,000 L
    * 4d463eef:7e83b61c:5aa584da:f782bbd8  

2018/02/13 2ccfed56
    0efc7914:6df1ea4d:a5098bea:3cb949a3        900 L
    * 39958b1f:febbd0a1:f17f6dfd:25e2d027  

2018/02/13 feb46d93
    dd6c3a56:65968523:104608c2                 275 L
    * 867f0f0b:11b962f3:05081daa

2018/02/15 9403db47
    670e4b69:8a2c3dbc:bb8d12d4:9e0c32d2:51a0523a    396.91 B
    6b2fda82:5d77812c:052b0439:bec56bb1:996aa770           0
    14336ec1:04b4a295:0f602cbe:20244e81:b7d56dd0    -33.65 B
    e4199505:04e433cd:e0a474b6:45be01d8:512ed83a    -35.41 B
    85114092:cbfdeaab:4e008320:9e74fff2:46a0beab    -35.69 B
    f0c37462:febb9783:6b931eed:3ace9aff:8a6686d4    -35.77 B
    54a3b5aa:93510e5c:2e3fef47:9aa007ed:39db8b89    -36.24 B
    2b4990fb:40d166f5:3e06c14e:40c8c0d2:aec88f47    -36.42 B
    69110078:10e36079:53d95ff0:f0e9b7fb:fcf93a1e    -36.47 B
    2ac728a0:2ad65a1c:07c7e063:ab8de852:a8a56d1f    -36.69 B
    97f61735:e273fd40:2ce99cb2:2f76d530:009b18e2    -36.82 B
    f4dd5537:c8a08e77:743a3bb6:9f7b889b:b9305416    -36.84 B
    5d924090:95ded9a1:cc46a260:e1ed7901:6b2940a9    -36.91 B

2018/02/15 d0ae44da
    a476f7f6:25b35d85:ff92a327:4eae63b3:4233270b    169.01 B
    15081bfe:b7eaa76c:cbcd0581:f4aef604:f9e3f8fd           0
    82732a30:91e2e736:30e17ff7:8c9b2bba:fb7f19a7     -0.91 B
    109f0c38:4462d20d:5f2ec3a6:80e896da:270097a2     -1.23 B
    dd2774a5:35b90c4b:14a6c302:fb68bb4f:4e020063     -1.32 B
    3a80584f:4a41dd0c:6f7e4e88:0f7e2b28:00c2f07e     -1.96 B
    ffbfd702:5b6b5cca:bfcd78f5:47151b8b:673c761d    -27.40 B
    f96c6c12:090ac2c5:a513587d:acedc917:878db5d3    -37.08 B
    ba7ec498:4fb44d30:48ec3a8c:373b8058:b24f15c6    -39.80 B
    faa0328a:125b6f5b:2d0f2da8:fb8de925:0a37216c    -59.31 B

2018/02/15 968aaa34
    7b231ddb:ed5f913b:7dc3bd07:ade709f9     40,000 L
    295ab8c2:c6a43d53:9788250a:06aabcdb  

2018/02/16 c88e51ac
    87128955:507c3af5:9155e51b:63200b91:fc66afcb      0.01 B
    4484b905:9e1f7e54:5e882d81:ff856235:ee1fe1da  

2018/02/17 5bba6c5b
    789a9fb6:b8a12290:8813f9b5:3bc44123      6,000 L
    e78063a4:e85be805:59e94803:bbd80036  

2018/02/17 3b0eb8c1
    68b7d8b9:7755ca22:7418bcb2:0ae0a8da      1,200 L
    ab406905:be3506d4:af3feedc

2018/02/18 1ce6fd6a
    db923040:47f8ec19:5ff242e6:591388f9        204 L
    3c148061:af84f0f8:8ea4b600                   3 L
    * 4173fddd:e095f4f4:35d853ed              -207 L

2018/02/21 dd485e40
    01dee280:0ac1ef61:f10a6c6a               9,150 L
    * 34b8366a:8cad2656:9ccef8b2

2018/02/21 8860167c
    8bc7f647:316db08a:4fe25b09:f1c91809        280 L
    * 16a10874:cba10a9f:987e35bf

2018/02/21 b060e156
    cb68650b:ad525419:039e41b8:bbfece49        370 L
    * 49db0a34:49b4416f:f59f6e33

2018/02/23 0a5bb525
    3d9d1130:b243b5a9:bb890e2e               2,996 L
    7c2c6f90:77c3c213:a7df9249:395b93e7  

2018/02/24 bd2e0d3a
    3c48f2c0:92571d64:1b6b80df                 214 L
    * 68ca8773:3356555e:34736234

2018/02/25 37a4ed40
    * ef1d8869:9cfbcc14:7ad28de3:ea734a7c   199,859 L
    0ed028fd:8a0ac4b1:d1a8318f            -231,667 L
    78a77dc0:1298c4ba:ac9a05d9:0dc4a1b2     -2,900 L
    1f6b42be:c71055fa:ef84ce67:9ac6beb2:158d0698    11,428 L
    4c6e406a:36d3df91:27ba1787:455e6e0d        962 L
    17004769:bb432881:327a8d08:3490b221      2,561 L
    a7b2b4de:d7fbcd6e:afb51543:177c859b     -9,000 L
    4c2782d4:fcbd0416:b37aebdf:936de715:9d3dc155     9,000 L
    54b80065:ebd66c8a:e6a55705:514b8b63     -1,300 L
    0fec88d1:f28f7bbf:2576beff:e085bee9:60cdf43d     6,000 L
    66db4325:54d22ac6:298b541b:6966cf1a     -1,149 L
    3522a086:4ba690d4:604d9bc2:9ad871f2      1,149 L
    6a05f899:f0cf35fd:c61babf7:e6c0f46b:2eac920e        57 L
    3bd10326:59a22fa5:0a66d7ff              15,000 L

2018/02/25 9b552c02
    9befa6d5:18a6cdf0:c6db242b:b1c81905     11,074 L
    a92fc3a6:bc39500a:bac301cf:391ee536  

2018/02/26 2ebd41ed
    cacadbb0:c50abde5:d1fd72cd               1,000 L
    * aa7ae3ae:e7df41d1:fe8475e3

2018/02/27 5b7ea26f
    f3c092c9:bedf5df6:910e3b85:bacb0d8b        500 L
    * 0a8ac803:b3699561:11bbd1ae

2018/02/28 327bf52d
    6e6c7064:a4a8c8d9:3085fc52:68f34855         37 L
    9e32463f:902054ba:121f5ef2                   1 L
    * fb939a32:8e735b9a:9379a4e6               -38 L

2018/03/01 a34e3b3c
    0b4abbfb:124ab817:b3555427                 116 L
    * b20f4c05:aba97a9e:f0e26d26

2018/03/02 9dd89f56
    * 992f7f15:7496d95d:fc167728:aa31b061     2,190 L
    3a6b9613:e2ba3b9c:84ab0c81:f0857c57  

2018/03/03 f87f3762
    3201aa74:3eefdd5d:ea1cf39a:71e4d0c1      2,541 L
    0089942b:63c0f93d:913246f5                  38 L
    * 0b726850:a0bdd5b0:a007d3c9            -2,579 L

2018/03/04 058bcfe1
    a984995f:53659864:9ae602f3:aba520a2       -250 L
    909563a5:d7ccf387:c65efc6d

2018/03/05 cf351738
    83ce778f:d06be844:67856a60              25,000 L
    de0f12bc:55ee0108:e476a340                  15 L
    * f8d5ce56:e3cfb21b:0e2c2eca:f6764ee7   -25,015 L

2018/03/05 a446b65d
    * ed2934da:7c8660e9:f2fedbbe:6cc3d74f     2,190 L
    a36c635e:a82b2af8:287a2a16:611d09c0  

2018/03/05 f2d9c49d
    * 89d54433:7b77d76a:f6873ff5:7a77b46a         1 L
    c6fa6325:34ca13e0:cf1e9736

2018/03/05 2e31c218
    24d2d1cc:e8eb9f65:33c3f854               1,000 L
    9e6b213c:e6fc8a06:bebf0bb9:72d5ba7c  

2018/03/06 502b37ca
    9c501228:960ca587:74653850                 950 L
    * d5588a2d:13e418cd:0b5a617c:e1715451    -1,445 L
    615e605a:abc75dd5:e95bf6bb                  96 L
    b034770c:ae8010db:2c6b7d4e                 399 L
    870f0987:471c104c:26264c69                     0

2018/03/06 fade32f1
    c75276e0:51209d4c:865bae1c                 275 L
    * ff581f4d:136e5491:be1143f5

2018/03/07 4d9d18a9
    * d50febcc:9f6ce9dd:b8e5ff1e             7,030 L
    * 6b087cf1:eaeafadb:d1e6daf5:1f5a1a66  

2018/03/07 fa2fa53f
    a3c6e547:297926ab:f4bc051b:b1f5b4ff        500 L
    * 11a1adb4:f135dc39:f9a7033a

2018/03/07 597dacf5
    b148f160:de7a0b1f:20b6673a:d5ccd589:004bee34    137.55 B
    32129f09:4bb75ef1:3cf0d332:b99e3868:a33ef5a7           0
    88b2be3a:f5449391:6469365b:5d566d69:adfa33db:5a09c463   -137.55 B

2018/03/07 d7369911
    20b22001:b1f4c4f3:976a7101:aa01b1df:f387b91c     41.27 B
    ad5dacdb:af8f8d1d:9eb3df37:bd183fc3:e1b379da           0
    6b32ae8c:e0720361:d0d096b5:e6e509a0:e0458ca6    -41.27 B

2018/03/07 1b647024
    305c2137:5909ac7e:dd580630:b2815912:4d34df43   1.21300 W
    f5eb3a85:e9f3d8af:5f9f6459:ad2a07ee:2737a0bf    -96.28 B

2018/03/08 fa9c9adf
    a126203e:eb24451b:a11ce25c:cc7c549b:887b625c     20.01 B
    049edac4:3c2ca55a:6dd9602b:cd683f95:e29149fd           0
    20f5a09a:86ca5200:d2816cc9:a0b81b8d:d71b8abd:eac5bdbd    -20.01 B

2018/03/08 89c43976
    634581e5:81017fcb:d711aba0:3215a8f1:af8b72da      6.00 B
    f45edb2a:3070db96:23ab25da:ba3f9d82:715da2c6           0
    d4d71547:9f238fd3:712af7de:878fae50:e0868215     -6.00 B

2018/03/08 babf7abf
    35ec704d:def02c0a:655688c9:598476a3:683ea91a   0.48000 Y
    7729f11a:4b9581f9:45449ece:a197e2cc:7295c359    -14.01 B

2018/03/09 c2748a42
    * 8898dc71:cb488b26:fd3a2d47            12,044 L
    * 44d3d252:ead626a1:86ce2e6b:b116fd79  

2018/03/09 d5ff3242
    2eba4aee:27af2b96:2e70e9ae:bec83361     -1,000 L
    9a616ea9:9e6d63ba:28c350a0

2018/03/09 6dad98b2
    0f282074:8cab399f:276b0095:052cdfe0      3,565 L
    * b5a0a44a:ea770121:8a8c26a6:fe86b085  

2018/03/09 e9879f76
    267ab1a6:7007bd6e:e3356265:9c1a5e3d        146 L
    23c561f3:190ecbfc:77d0703d                   2 L
    * 14067786:6f3a3ab1:028efd57              -148 L

2018/03/11 cd4a8df8
    763be97f:070c33f7:19d16efd:93097b66       -200 L
    71cebf91:4a955ec6:afcad42a

2018/03/11 4b0cbbd5
    6bbbeb38:37710c9f:94956ed5:aaa6fd99       -100 L
    c1ab9aea:e6875eed:e00124a8

2018/03/11 c53fce68
    5b208743:f0fd36cd:59a7a31a:ff5c0639       -200 L
    b1e16502:d8433e80:fc8b4a41

2018/03/12 933c5ba1
    441e9574:113935de:744f27fa                 360 L
    5fb394d3:d503e63f:4404ff30:1c1dae44  

2018/03/12 2eaf72c8
    46cd23e3:5d7e38b5:1d34e022                 700 L
    a6b59ab9:b00950bd:13b2b752:8051e252  

2018/03/13 bbaf26bf
    1369c428:df0d40d9:74105927               5,700 L
    d6d355ff:c4be544a:010380b7                  15 L
    * cb52014d:c5edccfd:e86177c2:a64ef39c    -5,715 L

2018/03/13 d963f228
    * 06689b57:f68423a5:5686fd15:d15eed72    35,190 L
    a7ab6d8d:06737c66:be100da6:15e46ea6:ebb66f1e           0
    fbc45557:feeaa42c:20f91e5c                  10 L
    51a12ac4:efe999cc:ae0f817f:6de26aa6:e470e85d           0
    e3c6da84:5105edc4:334dd39e:ec0652df            0
    034be676:5307ae5f:fa09b693:511a66de:99c66a19:186b3fe8           0
    e795c967:ffa06b85:03c90ced:73b4fe14:7891fc67:9b3b2572   -15,840 L
    eef39961:af02b036:6954597b:27adfe61:3d9af60a:b73a0477   -19,360 L

2018/03/14 f9e0aab7
    * f60057a2:d43cab55:8189691a:47c04d66        59 L
    3ab05c94:54c7ba0a:a8184ca2:10d5373c  

2018/03/15 11e2795d
    e11609bb:ca3c2189:379aa0f9                 700 L
    6e406967:a0e6ad75:bfa57756:29d511c0  

2018/03/15 597a99d0
    * 0b3b558b:d2deb6be:578fb809:3a4c3796       420 L
    3ae963ff:2fe21d5a:05be642c

2018/03/18 c6c46d08
    e9b272ba:fb34a566:c27b4885                -207 L
    7bf0a08e:479ae3f4:0d593f8b:7745d83c        204 L
    976cefd5:0a6450f3:bd8e7226                   3 L

2018/03/19 78a6d36e
    c8c10e12:25a9b00c:bc56779f                 220 L
    5d9a3a93:588e8b26:5e0c2594:dadc8b2c  

2018/03/19 bd4c24fb
    4bcc74e2:f632510b:e69bdf92                 150 L
    42e34a1c:850e0a49:d0ef09c1:1a4d9466  

2018/03/19 41d2c511
    20b338cb:c5e85347:72ec5cbf                 700 L
    87871d97:d06299fc:712f39d6:05592bec  

2018/03/19 e2497b0f
    * 0f7a6f95:e7a181b3:0bacb745:99648230     1,900 L
    f4814fc8:a8cd3248:2ce4fcde:bcb8ce3c:16dc697e  

2018/03/19 5311fbb7
    * b723b1ee:ad137d5f:3512d686                 7 L
    84b14c2d:395495dd:9960056c:9696342b  

2018/03/19 9c199126
    b2d4d91d:daa81acd:41737b6b:cf80c499        500 L
    * ba8bf503:d2135224:14cc1018

2018/03/20 91af6827
    2ef05c01:1d078774:40e7bf8d                 297 L
    * 14de35b5:1869a9ca:7d8fa297

2018/03/20 44a366f8
    d16cba01:e8a1cbfb:604c085b:cc44067e        280 L
    * bee422f4:2aa81374:f8150892

2018/03/20 98a7488d
    74e3514f:8496741e:9909a7c2:c24f6b0f        370 L
    * a3a2297d:8a10d4ff:4e0c130c

2018/03/20 9487d77e
    * 80b6abe9:fa7b9081:430f632b:eee17ead      -355 L
    148948e0:0f8d14cb:f2bfb7af

2018/03/21 a0ff9f07
    bcdf6602:9c273e7e:7e4a17f1                  80 L
    53e17eed:990712c4:7195863a:7c519cb0  

2018/03/21 3417d6d5
    d72f486f:3ef2508b:d32368e8                 345 L
    7075a6fb:4246837b:d5c982b3:c4e21c7e  

2018/03/22 626c03b5
    868c7007:1e3e907c:9c20d75b                 341 L
    * 184e75ff:4665c994:fe6cfcde

2018/03/23 a9613022
    * 0e469fa1:87fc082a:5cb210ae:0408134e   199,859 L
    2fbdfde4:6a48d127:68e3ebac            -231,667 L
    b3dff70c:e1c1fce1:4261442d:db0cd222     -2,900 L
    fbb1b596:478fe567:ccbe7621:9760e858:6665f8e1    11,428 L
    61541d57:526a7f5f:443d4258:c5018fd1        962 L
    7330cb70:7f9102ab:4788ec29:9fc3b7cf      2,561 L
    f5b4f524:84eb5c36:1ba58bdc:b7300d77     -9,000 L
    72f54d5b:89eefae0:fe6e57ed:2f681d19:77d0c5a1     9,000 L
    b08d283d:d81aa1bd:9ca815cd:41efd27e     -1,300 L
    f510e612:e1317034:9da3bbd5:5ac40011:2ec26ef4     6,000 L
    534f0596:bfe91953:6c1c8c53:50469284     -1,149 L
    db76cd79:6b60dba5:7ffc7702:04644b7c      1,149 L
    fcda8482:fe2a41d2:b2eeebb0:59c58438:359e04b5        57 L
    fe6a711f:717a1d0b:1d7ee7af              15,000 L

2018/03/24 25befe1a
    8034d4c8:e8a51cf4:0f84bbd5               2,900 L
    19e9eeef:4e5deccd:936f2d0d:0ce30ff4  

2018/03/25 cd40f8c2
    a19b977a:f7135df4:4a92f93f:247e56d4:35986b4c   6.0000 AB
    12727dc8:776ce47e:c4d8ddf9:2ff3bacd:7723f51a  -6,129.42 B

2018/03/25 5e042fbb
    bb2984e3:c50159e1:dc1f6b0d:ee5b9fc4:d1ebd079   6.0000 AB
    552ee516:b7d52229:cee22d6c:7d10f4fe:3fe1745b  -6,129.42 B

2018/03/25 27e68d60
    fad46d73:89976dce:18cf5bf7:258d1c2c:cbacbb40   4.0000 AB
    295d1bb7:dc1f712d:0a1029d5:75cc9c3e:336bac11  -4,086.28 B

2018/03/25 b84b1e23
    09f8cea6:1a7bf985:68a407f8:18e3b1ee     11,074 L
    cc54c470:1cfbf4ec:3cca0480:11d6d931  

2018/03/25 4974ea9d
    ed779716:a55dc655:c4dc9477                 950 L
    * a01e6539:d51bec2c:5b7e5f13:ad435d92    -1,430 L
    40d4f601:72ed937d:bf45e669                  79 L
    78cc0dc6:79c94980:79cc6a43                 399 L
    fd865c4b:2f829535:6f32c898                   2 L

2018/03/25 26d5fec8
    b6af3e62:bb022c3b:04fc0bf7                -479 L
    ec907ec2:cd2274db:e1b71b01

2018/03/26 e45431ed
    e9048816:9030922a:5e495ab9                 310 L
    * da61899d:2146dd4a:a03d8efc

2018/03/26 b0c2e1fa
    018f2a85:e87a0cb8:c5162c9b                 700 L
    82380edd:bc6ede87:3ae6aec4:0faae447  

2018/03/26 70b754f8
    6e9c1820:659d111f:82d29c93               4,257 L
    4cdeeac3:abdc116e:b93a1b68

2018/03/27 b0b66a09
    cc2295b5:0bbe6176:2405b493               1,178 L
    9807ca2e:b3938e19:e941ce6a

2018/03/28 5fd8c9a3
    15b79f93:02c0c03b:cf490217                 280 L
    18af2caf:92bc4592:59f3a0f0:26695bc5  

2018/03/28 ada892af
    81c9d687:6bf7aa2e:8ebbde8d                 340 L
    abe44a5f:467b7e91:a86b183e:11535c9a  

2018/03/28 88a3dc4c
    dd1a3078:4f6ede8d:bfc1d736                 350 L
    42a8b285:80b0f2ea:c42461a7:ba364458  

2018/03/28 bbdb0893
    7b053773:cf2f957e:26e4adb8:897634ca         37 L
    287a6318:eda7f175:eb780aad                   1 L
    * a5038250:f6ee91d0:07d44290               -38 L

2018/03/28 a61b4500
    * b74f7fd6:1d8ec94b:bc341365:236e17c2:611370fa    152.69 B
    afa4b175:6e659db9:bbb7b6f0:521ebc4b:bd3155f7           0
    e9038ed3:237d13bb:555a42e2:1fcb714e:0d46aa1b:054e010d   -152.69 B

2018/03/28 f93a82bf
    479652f0:50f50e9a:1fcb6e4d:cebd66cd:b85d3d71     45.81 B
    e05a1954:5de52b13:8ad0936e:264c4b17:725015aa           0
    * 8eeda6be:3669df32:abeb02cd:85fc9a7c:be00db24    -45.81 B

2018/03/28 04f4823b
    * 8e3ef432:dd0b3401:685d5539:9bdf168f:af897f5c    424.61 B
    98755acf:e9094f23:420669c7:e1ba5d1e:6a535381           0
    b378d00b:30ee3917:a60f64e3:679d6873:231ac7fc:7253cd91   -424.61 B

2018/03/28 7db14174
    2727a6a5:9b58d1fe:7e6eabde:4fba0d73:fab77cad    127.38 B
    8ad5f7de:03f77ba0:b9832852:bebd23a8:5a266023           0
    * cfd9854c:a424aa0f:250ca856:ec1b0fca:9aaea029   -127.38 B

2018/03/29 f9cd7d29
    ab86fffe:ebd44dae:0e3dd125:6bd47944:3bc23d9a      0.02 B
    46834b4d:6516d701:28b48366:3c172243:9a97505d  

2018/03/30 869895ce
    7db55b06:d8e08594:8b6ab267                 150 L
    d6781b26:69cd9f56:bcac8b56                   2 L
    57cdf6e6:5bfab359:38d41f8c                -152 L

2018/03/31 8804dc00
    d4c01411:1f63626d:f2e762f8                 180 L
    * ec49126f:5a9e13d7:69c69ad8

2018/03/31 dba6af6f
    f239607f:eef5572b:911aa336               4,622 L
    bc591d48:383cfa78:0ae1c140:8b268192  

2018/03/31 2751848b
    d4954d9b:55576cbc:fe3fecef:1ec89e6b    -12,980 L
    b41e6d0d:cb939f51:f1ac3568

2018/04/02 ce7ef3db
    5518354e:347e1e69:8550fee0:4be1cf6f:21ff6fed  0.73600 EB
    081878d6:cf783f9c:e709ff75:92a455d8:9a9dc0d3   -106.88 B

2018/04/02 d57d6d0d
    9c94274f:9d871707:5de5830a:f94ea735:a4b82b0c  2.21400 FB
    56bf5263:8134b776:189bacad:ef86b16f:d4182012   -297.23 B

2018/04/02 78528974
    * 6cfc65f1:9a539490:4fb448f1:515da4be:3ed11d8b     17.91 B
    2a562665:c04e2e9a:2614ed7e:e022df4f:6217d659           0
    abf01886:69db6dbb:c80e6f56:3a6eadf7:c076c337:165ecb30    -17.91 B

2018/04/02 1504f7cf
    dcc2818c:4f47d996:78d9592e:fa49b2ae:9d153d1c      5.37 B
    1c634814:7547524a:213a4de7:deb95d7e:414b0fd2           0
    * a85d1de5:f2e04fb8:a8385964:da1612ac:804c36b0     -5.37 B

2018/04/02 2e10c658
    5d86a8b7:68a58a9a:dc1e765a:7162afed:1dde1867  0.10600 HB
    12a32558:e270fa13:95a259f4:8774f8aa:8a2d3967    -12.54 B

2018/04/02 c45b2d48
    * 68dde586:d9a17b4c:d1d5c236:ffb95017:f8e2e990    151.10 B
    98461df5:917214bf:bcb7ce08:8b1f9dd9:5d998568           0
    1ef328f1:b54586b1:28e8da0f:d93edfeb:8f32e66b:26d0c785   -151.10 B

2018/04/02 37480f44
    9a0f7443:532e7c3d:c5e4f8ab:3efe6164:8f75e7ca     45.33 B
    8170540e:8157e14c:1134afc1:0fe171ab:44b526e5           0
    * 609d34bf:d649aa9d:783070dd:c78d4519:afb95208    -45.33 B

2018/04/02 90c92f27
    a3b20135:ae15f759:3297e13e:fbf8a717:96c2016d  1.98000 JB
    e0409415:1230bd5c:380fb2fe:3db428eb:9cecc9a5   -105.77 B

2018/04/02 ed976082
    * a93cd806:f7840292:01647ef2:ab061a34:54210927    103.99 B
    98238081:43ca3b20:31a6a8e9:170862fb:21376c4e           0
    d78946d3:20f76213:ba6dba9e:3966c03f:2c2bc794:d02161f1   -103.99 B

2018/04/02 60baf2f5
    1694e818:f235e871:1858bebf:195fa5bc:29e45861     31.20 B
    c5f612cf:0abac8a8:3b6bbc6d:826005dd:66efc524           0
    * 0c2a9b3d:75f6bf48:bc6406c4:d2affa4e:dbd96936    -31.20 B

2018/04/02 9588b268
    85a8ae34:0bac9324:2700eb74:08dca788:a36efb04  1.57800 LB
    196b5a54:d858aa42:cdf5cd89:905484e6:5f4da2e2    -72.79 B

2018/04/02 8138c860
    * 3bf0f2ce:84e4015f:550b7b06:badfa7ec:975a9f26    384.05 B
    1adb3e25:205a741d:14b24d90:ee6579af:55e01c3f           0
    a6b874c4:74d84919:5e62b087:af76764e:2b93b880:6aa37d47   -384.05 B

2018/04/02 0c0bf095
    afa07e13:71ea3e95:401bcf61:bc709663:a8a0c72b    115.22 B
    237035a3:730fa055:a97204b1:49a03a82:5ab50c3b           0
    * 6e4a7d6a:85f07986:69fcad98:388af9c5:449473cb   -115.22 B

2018/04/02 b8afb973
    25901a18:50a41c8d:cf971710:3dcc32db:36444d9f  3.60600 NB
    16e64ea5:cf1f9878:be547d1a:db9e6e6d:eab86022   -268.83 B

2018/04/02 7af661be
    de12ec04:c04d5312:9dd7b169:cc2e639f        500 L
    * a4a2d8bd:436ef2ef:ee3200eb

2018/04/02 7496e295
    d734dc2c:b08044ba:2b27ba44                 700 L
    3c2b6b91:4b9a5c8b:64f9aada:21926a40  

2018/04/02 50943424
    * 14768997:8f0880d8:d1c40fad:fdfaa847     2,190 L
    dcacedb3:2f299ecf:ab9201ce:579f961d  

2018/04/02 52ca2b1f
    * 91a992c3:5c570647:c07182b8:09d7ab1d     3,286 L
    da9c95fa:8d3776d3:4908c183:8aae5fee  

2018/04/03 57a0d254
    6a25cc6f:4a7b3e33:e59331c1                 116 L
    * bd1d283d:4ddc8e8c:902a090f

2018/04/03 0e5c3349
    fb1caf58:c23c0c4c:25686843                 490 L
    32a1f1b1:9b42fc0b:81fe5045

2018/04/03 4241f614
    cc31c9e2:5f5262da:e95bf112:5aeacff0      2,332 L
    cb4798ea:45884f11:d07cc2f6                  35 L
    * 42410480:9bfbf432:607ce5b1            -2,367 L

2018/04/05 af0f3688
    c226ca0c:bf28bd2d:833b0dfa              25,000 L
    7ea2b671:229508f7:4d5fc779                  15 L
    add9358b:f0bf1e0a:949a4870:efd8854d    -25,015 L

2018/04/05 cb98d58c
    a8f12acc:33a8e3a7:cf002762               1,500 L
    cf5f826d:9573fc89:0ce0c19a:d660f8b2  

2018/04/06 b2a89638
    * 208652ee:a410632f:9b4bd807:8fabef9d:08fc01cd     15.96 B
    a7188465:bb6596cf:78ea4632:aa3aacd2:71650f9b           0
    7811b53a:47c46071:8d74fbe9:e1bc292d:28e0b7c4:076f4351    -15.96 B

2018/04/06 d5f609ef
    e2c1e0e0:fbf8b453:5440d6a6:3c98dfc2:0cd1a65d  0.20000 PB
    e58fb76e:fa0aa41e:bc79d5f2:54b53801:0ec3005b    -15.96 B

2018/04/06 87fec815
    5d11a4c6:93c0f3da:2e7a857b:23c77f42:79d5595e    150.80 B
    2fc29837:3d305b0a:c11feb25:276e19a3:6933c61f:ae8c76d9  

2018/04/06 00bcef4a
    c250d461:c8817de6:3ffe5baf:c69aaf9f:23a3bc38     45.24 B
    38c3cecc:087eec0e:33253fff:89ac4b99:cfc2c61b           0
    c4c8e70d:3aaf9d7d:4d718f89:f1ca60ed:02d894d5    -45.24 B

2018/04/06 66325e21
    a60cd1a5:43203d4f:f06c7dd6:0385f14a:46c1d1c2  1.32500 QB
    c6cc0529:669258b3:76949acd:aa505206:6c69a8e3   -105.56 B

2018/04/09 065a673a
    be225db5:32a83800:36fc31e0:2b645ff0:995e5214     20.25 B
    21b45d74:5edd1f6f:fdb7a21e:e15eb2a9:0423d7bf           0
    a318e72c:e7a23262:1860eeee:2057ffa5:ef6826f5:a6112784    -20.25 B

2018/04/09 ad82c895
    4c270322:2da90e57:38d0d286:3e79dba4:0b3e7533      6.08 B
    6007dc99:7f7725f4:76e35d55:14b17c09:2749804e           0
    196bb589:05143b2f:c8ab16b3:d5dd0250:eb4b1151     -6.08 B

2018/04/09 590705bc
    0f0a7281:e43a8501:ad0a715a:dd0139cc:1e090dd6  0.48200 SB
    14d273c1:2d29079d:767e018c:775aa746:7b464780    -14.17 B

2018/04/09 f25e75d4
    34c0d414:8c0e2225:fac8b35f              11,023 L
    4a077701:bea1a094:763541f6:eb21380d  

2018/04/09 f8921e15
    eb79b04a:d61db003:8acf50c9:28a778f6        106 L
    02ec84e5:98f19ec9:d049c15f                   2 L
    * 6b51b8c6:1dc24e25:bef3f398              -108 L

2018/04/09 7933e127
    73bb5234:59cdcd01:472423a0                 440 L
    34a269f5:407bd7c2:5d86b4b2:7e5f21cb        560 L
    4fd2c84c:df8180ef:88b53b95:81a689c3     -1,000 L

2018/04/09 0e97d15f
    7ba0a414:40ba7cb1:1468845e                 352 L
    * 1ef380c9:a42966a6:3d4b11dd

2018/04/10 3523a795
    9c2e69fb:43a721da:d6d6fdcb               2,490 L
    abb55ffe:811718bc:017f2308                  50 L
    0c091ab8:c88ec42c:fe09810b:36b1f2cc     -2,540 L

2018/04/11 fa65bc69
    91d3fa8f:9b30d7f2:4868f87b:fe30fef8      3,000 L
    9aa56bf6:edfc10c1:df2c9cd3:705c1712  

2018/04/11 411f283d
    d42aaa37:cc88bc42:bd28d523                 170 L
    06f24bb5:7dab327b:31428453:62bb2aa4  

2018/04/11 b499f5fa
    30394333:35a0d3d8:b36dcdc8:20b723d2:a980dbc9      0.03 B
    a4c7f897:602b2c4f:3810489a:26aaa2da:3e075f5c  

2018/04/13 76b20454
    7c371a8c:62d62c70:74a5aa91                 476 L
    * 7233417c:b9ba344e:b67c9d1d

2018/04/16 bcead636
    a9ee5b2f:6c060c96:29a21fa3                 700 L
    70b2af23:68e65af2:d26434db:c24ec501  

2018/04/17 48ebffa4
    0e218846:40ede140:4e551934:7584d716      1,500 L
    4db210e8:3ffd3dec:a66587e4

2018/04/17 7ae3ca07
    b765da47:9ecfb5e9:9031bfc4:6aaf45a1        500 L
    * c6e45642:e13f8a30:067cbf4a

2018/04/18 e802d5d9
    * 09777581:9508ed3e:69698065              -208 L
    c2afdb66:f42a0d4a:11f4499f:3cb6c160        205 L
    25c66001:751b1ac3:132b1acd                   3 L

2018/04/19 d5136f64
    * 29368df5:0dbb4ed6:f18970f4                 3 L
    08ba0c2b:63d686c1:b10cbcde:f6736e0c  

2018/04/19 44de6096
    1a04cd88:97ff0cf3:2134f964                 170 L
    * c022c108:1fe96d60:c70e502b

2018/04/20 475997e9
    84e7876f:5a1c3704:f3882b67:9388494e        280 L
    * 290a9296:c8b2d157:a837a35e

2018/04/20 e2548384
    e1e936ac:bd5437db:3790408d                 630 L
    * c59cb858:6301bcff:b4e03422

2018/04/20 c5b019c8
    bfccd6a2:925e537e:a20e84cb:3202a23f        370 L
    * 4f876054:85d1bf7b:dcaa13db

2018/04/23 97b93fd2
    d3783e25:ebcba464:5c210487                 236 L
    * b4bf3d03:ac5284ec:8d725b88

2018/04/24 434ac070
    a26d37f8:34c72911:54c56716                 396 L
    * f441238b:11eed3e8:cb0de884

2018/04/25 4e3b8445
    * c36b34bf:f90e0bb9:83e67c01:1db40372   199,859 L
    55b26b8c:83502b7b:19b559bb            -231,667 L
    6f1dcbc0:c86282cf:b664c4d7:30210c67     -2,900 L
    faa88a4e:25fc2959:fe9dbd6f:3c4b1557:d924293d    11,428 L
    b839aad3:6787508e:8aafb3e7:03bbcce1        962 L
    f650e8f0:075c6e22:0839f631:4467ab37      2,561 L
    38da9e29:d2f8bb20:af6ae4ea:db5e8ad4     -9,000 L
    a13c685c:8792ad9d:52f94911:ebfb77fa:1f276816     9,000 L
    e681b722:45fddd98:f5077df0:5a3cfc48     -1,300 L
    5b6d75bc:81b0dbcd:6f61556e:e06ced33:8d3ccc0a     6,000 L
    99f06cc5:3d7879e6:71e4fff5:f12cb8c3     -1,149 L
    a085ddd7:7dcf5425:b87760c1:731d10ab      1,149 L
    67c64890:e2f04a3b:dabdfef0:d5bb2104:7386d99b        57 L
    cb10fdb3:4453f3cd:c99f4947              15,000 L

2018/04/25 ca32bddd
    6b5727eb:63307c5d:b34f4945:58efb198     11,074 L
    b7b0c7dc:9496c660:f1faa356:c52d634b  

2018/04/27 a53bac6f
    1f4e066c:464ceb56:5d453c36                 950 L
    * 3782a7ce:f6827989:430f050a:05b1c2d7    -1,567 L
    9782c9e5:2c40705f:5e2ddd38                 108 L
    f8e317e0:35ee5d14:0345ea51                 399 L
    1b619735:67d99cb4:738a0ef5                 110 L

2018/04/27 c6218022
    0e813c55:7339dc27:f1e17a29                 100 L
    368be747:210b2736:faa1bc6e:36ad08ba  

2018/04/27 8e0f9e1d
    ba9ed7ba:a28e441e:510193c3:4eae5b7a:a093098d  4000.000 TB
    3ae1864a:a7313d94:383a3bcf                 450 L
    * 61183f65:738b6768:b419b780:97a5ae64  -316,450 L

2018/04/28 a0222da4
    00eda1a3:f3d114f4:3eaf7319               2,200 L
    9da80bbe:5137ad46:f2cae583:a8f03a4e  

2018/04/28 dcdca58c
    31022109:5a0fcf30:8f7dee65:844b03e9         37 L
    0fad5b9c:f7c94882:dfcf38aa                   1 L
    * 8d97b57c:e3a469a1:ffbe7dc6               -38 L

2018/04/28 2473c1ab
    089f43a9:4b3c2c2c:bd3caf6b               2,156 L
    b56ee1be:278d4c73:f612d881

2018/04/28 69c9f32f
    c6b839e1:da8b8f25:e972c103                 314 L
    * 44cbfa5f:4fb1be07:79da1fe0

2018/04/29 0fa412fc
    8bf33bd2:f1351363:be1e0ca0               2,680 L
    0690ab6e:e9e532bb:907189c3

2018/04/30 6cfaae45
    * 057b7536:68a94e83:4d1de5bd:93ec8334   316,450 L
    * 47665810:80a0bec8:bd220dae:2d2e0f75  

2018/04/30 3a325134
    4ed2a38d:59feec81:f2cb6a81:2dabfc12      3,000 L
    2158ea9b:f749824f:601b2525                   5 L
    1540410c:5bfe9832:ba76e117:f596b043     -3,005 L

2018/04/30 87d3b84a
    43e39558:fd5ed7db:52cfd6cf:b698265a        500 L
    * 84313497:63693cc1:df1040a3

2018/05/02 e582b64d
    eb894b88:781323b5:013f98e2:7ab5247f      1,438 L
    80c4bce9:725b41a9:5d9339ee                  22 L
    * 4309f301:4c59a4dc:0a599b84            -1,460 L

2018/05/02 b86c03df
    4bbf7c17:cd8f2533:ad2d3766:212033be        149 L
    6eb37c2e:db6c2c33:ba3683a0                   2 L
    * 91e217ea:39d62002:5c39d172              -151 L

2018/05/02 26a2d411
    c883c4d3:fbe029ab:5ede1877               9,926 L
    6700d4e2:c8f49f89:e37f460f:26a88e62  

2018/05/03 02925e1d
    7dccf1fd:97b1371b:2d50d53a:88bdfc0d      1,000 L
    91a461a8:a23076d8:3c287f68:ded78918  

2018/05/03 9ce96e17
    c05bda8e:84bc7a5a:56c108b6              20,000 L
    5480bf4f:9da22477:35ac83b3                  15 L
    5efc7c38:435f5d93:b2a93d72:f244bca3    -20,015 L

2018/05/03 2f3b4e12
    bb789087:85169aa8:2bde51a2                 314 L
    * 6dad957d:b035c6f5:443a840e

2018/05/05 b650eef1
    6fa40de7:b5d44063:4ac67d0d               1,000 L
    77317dda:4c0222eb:d7de3368:9f43bc95  

2018/05/05 6e37c416
    e9c8fc58:74795498:5f58f82b                 500 L
    85eb3324:8a3691cd:18c6c5f4:59a14095  

2018/05/05 0114033a
    0ba60556:133b028d:ef1b9a08                 500 L
    192bd1ac:fd698168:9bfa30b1:d72fc339  

2018/05/06 ff449ed6
    64f8b830:bac593e6:a546d921                  79 L
    d7822396:e2497605:6bdcd6ae:b435fb4b  

2018/05/06 f772a6a2
    308a68ac:532c2a15:a49773bb:9a4ef46b        500 L
    * 879e408c:6ff819d2:4aabe39c

2018/05/07 981cfc32
    7cffd08e:a1ebf565:3a1a0912               1,350 L
    b6e5a8c5:993fd187:8a60f2f5:242310bf  

2018/05/07 ad9a9b55
    ca648a27:73550ca6:4f166f9e:c9df95cb      5,000 L
    6edc59a4:2e56f39b:a7facb73:2833a72c  

2018/05/07 8151cce6
    3d81d906:86c3ae5e:4889233b:d5778940      1,000 L
    9118cae6:f19ceaa6:fa8f9b9b

2018/05/07 b12ea831
    b1754330:0270d4c9:4c35d94b                 227 L
    * 6ab264e0:366771c4:17ea1e52

2018/05/07 9a880c53
    d1f9d04e:4c4b696a:01862f3e:066ed00f:3cb60889    148.86 B
    9fc6622e:f00bf246:267af773:300913c0:90c7f74c:899ccae3  

2018/05/07 566fe589
    230e4984:3daf5cd2:57c539aa:fb8277a2:0f39054e     44.66 B
    e926caf1:de94c8db:4b652010:17be3ae3:bb983b5a           0
    4914b380:bcdc48f2:ca0aa854:0e24ab7b:cbc83382    -44.66 B

2018/05/07 7c75a948
    f293bb6e:7a990696:4fc459cf:b4c52dc1:67203191  1.32200 VB
    e80b3e07:71ddadb4:141d80d8:26192c43:7bf303e5   -104.20 B

2018/05/08 83a74aeb
    2ae19b3a:23c04bd8:f0bf81a2:918e05a2:dd9de3bd     16.65 B
    60e51b10:3ceaefd1:55941377:b14a7f75:04e8d011           0
    478b892c:baf8b57e:2f639dc2:b13d7232:acbb267b:952cebb3    -16.65 B

2018/05/08 2db18e20
    5245f58e:0018a101:eddfd8f7:ebde09a8:caf5afa1      5.00 B
    6a3e4195:00922b81:2666bbc3:68a0699f:c52b7558           0
    35547750:971d8d63:538f6777:78b300e5:b6e2c957     -5.00 B

2018/05/08 82d1c192
    e824f87e:e0db9bc4:ac2393b2:dd687a0b:3e4f3ebf  0.41300 XB
    83d8287d:a8d4d51a:97789519:08c26e1a:16435fa5    -11.65 B

2018/05/09 596fcfae
    d3af2117:e04e4f21:de7f113e               3,069 L
    5f101bdd:01713486:bfde2cd9:d3bf6d24  

2018/05/09 b6ba5718
    fb236eca:cc3fc62b:dc71c03f:5caa168b:778b5503  1,000,000 L
    de921d20:cf511549:99711470                  30 L
    c27513f3:78f1ea59:9250b859:7ed91e69  -1,000,030 L

2018/05/10 40c37fe1
    e17fff7e:526450b3:5254b8e3:a3fe4f87:ab4b19ea      0.03 B
    08fac97f:3d33e032:1b26cb86:485aec47:0f9e5c69  

2018/05/10 ab4277fc
    ae49cb26:38d1d600:bfb187a2               5,000 L
    381d7a79:bfda687e:926d8759                  15 L
    398c1ad2:b7e1d101:28715d58:ca784e34     -5,015 L

2018/05/11 5ffb32aa
    e62b9b20:e813441d:975a7a70                 310 L
    3ce7a275:c8e99d3d:abca8f29

2018/05/11 ffd7d03c
    7ee62d9e:a41ba162:06c4cb8a                 122 L
    * d5064176:47cf024d:df76e626

2018/05/14 9c4627c4
    04a7e373:0a96c31f:92b8a655                 150 L
    f87d7df2:21c21ce4:466036c2                   2 L
    0d37e5e4:83f2d261:82faa45e                -152 L

2018/05/15 c26416f0
    * 727fdf85:fe5446ca:21055251:075976f7       270 L
    55bffff5:593f63dd:4e553b9a

2018/05/16 a6c7b364
    404a9cd5:f606b5e1:93ef2150                 341 L
    * a7715480:ebcbdaa6:4d99933e

2018/05/17 a835db1f
    * 1a16248d:e53e706d:0ab8b8cd                10 L
    c94f09d0:ec14ad62:22ee6665:37fbdb75  

2018/05/17 c8548218
    f457204b:11f9d5f7:3de64d74                 495 L
    2a30cc35:a073ae90:76dad1a1:96979dfc  

2018/05/18 6fea025f
    619aba4b:c5237648:4dcc2568:e82bd6a2     61,663 L
    c4769535:68c5804b:2df73ff1

2018/05/18 64aaca5b
    f0d9f343:b2fd4d37:70cbfb32:fbfb2813     40,000 L
    5415ace6:6ec4c68c:8dc76f09

2018/05/18 eafe02df
    * 3169a7a7:e8e6fc78:03040929              -213 L
    a198be17:13f4ddb0:364fb550:ccbb7606        210 L
    d28fc831:06bb2872:506dca99                   3 L

2018/05/20 9aef1979
    dabb2333:0fda53e1:e54c1b69:128ab8ee        182 L
    ec0716b2:9fd9725f:49de9554                   3 L
    ad4277f6:df35ccc0:ea20aaa6                -185 L

2018/05/20 68e71eed
    87c6b414:f4ce6ace:6ad23bcf:5d31833d:a930b077   986,168 L
    * 8a74b945:4d9eec29:92650ded

2018/05/20 f46e47b9
    * f9c40799:34ba6fff:fb66b33d           986,168 L
    fc3e5191:70623b71:94847a95

2018/05/20 3daa7fd3
    ca462850:6178569c:6c46d884             164,363 L
    * 25272c1b:9c746564:332dca92

2018/05/21 59bfe0e1
    2e33999f:62ef6052:5b802673:b819eab6:225e8fb7     5,191 L
    * b48a708a:7ce571ba:5e38105b:e331773f  

2018/05/21 76571dc1
    c5aae83c:ecad1f93:fd01fa96:dcc9a7e9:23ebf441     5,605 L
    * 14ee6d37:419889fc:294bf062:0449452a  

2018/05/21 eadc0609
    97fbf1fb:216bd049:85460fed:6552cf0d:65e1dd3f     6,289 L
    * a5bed150:a6052563:4f708d37:8dcf4fe2  

2018/05/21 ec19903c
    5d72fc84:0ad8ed06:d2c261d2:ecad3e7b        280 L
    * cbbe7b4f:97f49768:12d7c545

2018/05/21 a7493ec2
    9d69a76b:94c0ae67:82ad0692                 630 L
    * 874bac5c:4a068fbf:dd2b9a1d

2018/05/21 882e2a38
    d4c0e660:9cfec2b2:04f912ea:508c60b6        370 L
    * ccfd7a51:0e044d47:b1cecd1f

2018/05/21 2ce7096b
    f4d7a2a0:497a2f8f:e4f5a189                 198 L
    * 8e4e604a:ae5e6736:4def7520

2018/05/22 045ed87a
    acc0ec27:3f0e7526:eadab3b8:7f16e44c        500 L
    * 48c5fd69:dfb74d1c:f148e2e3

2018/05/22 2d8bbcfd
    337b441a:7603c0aa:9141cc68                 556 L
    528e25d8:77f9dec4:672ae018

2018/05/24 779cb5e6
    bc3aff35:d75266f7:b6ed1b40                 205 L
    bf81aa78:0a5acfb3:7c47732a:9df7892d  

2018/05/25 bf54bd26
    19e7606e:4aecf5cf:e3836bbf                  40 L
    * e219bda0:77545b0c:4c3c58e7

2018/05/25 830cb5ac
    0d0bc2a8:fb44981c:333994a7              50,000 L
    625e37dc:e0ba363e:183c7dd3                  12 L
    b3446113:cfca1924:0ebe6cd9:07ebc744    -50,012 L

2018/05/25 8f62a9e8
    * 4b45aa50:e8e874d1:5a084808:bd211791   199,859 L
    3592c360:c8062234:1f8f48fc            -231,667 L
    59426dcc:5abf61ec:d4574028:7669d6a5     -2,900 L
    27ba59ed:e533b597:ed8d5dff:d372fcad:cc675c25    11,428 L
    e549c647:ab2ced0f:576f4802:15d1b0fb        962 L
    56512d6d:1f24eccc:049b53b7:ea1753ad      2,561 L
    4af31ef3:fe66750e:53617db0:bc0a202d     -9,000 L
    c2447eb7:27b2ad9f:b2f68960:36582728:99aac479     9,000 L
    4b180952:47257f9c:f2be87e9:39f1a46c     -1,300 L
    5902b81c:35b3910b:44837f4a:bb4e6158:07e42516     6,000 L
    9e4abd92:5b0a9c63:1f72f88d:0ce75750     -1,149 L
    fc132eb6:f50607d2:a5b10534:07a3b255      1,149 L
    154a09ec:8dcdf562:c4dc70aa:29c8c790:49f7a7bb        57 L
    1ebb22cf:67259f60:51a20ce2              15,000 L

2018/05/25 5d178b40
    ebd60755:e4904ea7:ff2917ca:5d9e3fdb     11,074 L
    bedfe602:b7c6caf8:e8562288:86aaa7f7  

2018/05/25 da1d17a8
    d60d999b:fc9d2e9c:8c364bc8                 500 L
    7b6bdffe:f6ce34ed:61e556c7

2018/05/26 055eb1ed
    a9681b34:66ab5a26:a292ae2f               3,251 L
    e677f070:0d8c3af4:df5a2335:c9c3a5d1     -3,251 L = 4,975 L

2018/05/27 26fa5846
    6071a7df:2c65499b:088445e7:a6465b6d         37 L
    e762824a:28a02303:c93484d6                   1 L
    * 7805fcfa:62ec35ea:0aa6824d               -38 L

2018/05/28 32c7f6bd
    8ffb36cb:dbd91f20:c21de5dd                 937 L
    * d8f697cf:c2a30921:7dee1b15:8a0eb838    -1,504 L
    02679a17:5ca02a30:17dbf3eb                 167 L
    3612e6f2:c6e99849:fba759d4                 399 L
    22c7d82c:05b1f1f8:c020650b                   1 L

2018/05/28 cdbb741e
    ef45fe37:98738828:3633f19c                  10 L
    e061f0bb:78f772a2:4b18c37f:b03261fa  

2018/05/30 71dd63e5
    5f5cbd66:738084e3:bd153db7:721c68d6        500 L
    * 3559e69d:1576fcce:2f3188a7

2018/05/31 a3c65b7a
    7014d199:37ed15d6:ab807c21               7,973 L
    4049842a:aa172867:8ba15d26:b8e31f62  

2018/05/31 4a70bc8b
    a7153fca:8173fdc8:07343000                 220 L
    * 546b8a34:6a84255f:3388cbac

2018/06/01 9afeeca4
    * d3958e29:0950852c:167d1b55:75adfd0c   505,477 L
    68433c04:586f81e7:2b0d10a9:35c65061   -500,000 L
    3b89fe13:bedf58c0:b8826485:a821195d     -5,477 L

2018/06/02 da74a1a3
    3c6ed6cc:693b1dc2:bc0c6d2b:98d0d44f        149 L
    0f5a89a6:b44ed115:5d44b808                   2 L
    * 158ee435:6fa105e6:b7175a79              -151 L

2018/06/02 048db79e
    6fc67fd0:cdc6a1c0:02120f68:893e9ae5      1,470 L
    31a8b450:51c0e005:174f7b8d                  22 L
    * f3172c86:268dfc02:5f90545a            -1,492 L

2018/06/04 db9b31b6
    ccb15ce7:62adbae0:c2cd3768                 200 L
    * a03035d8:abbaa36e:ef9a26f2

2018/06/06 c12d6456
    32056157:90e50d21:bd389fe8                 169 L
    * 0e7327c1:c4cb39b2:ecd9780b

2018/06/07 76ec3b34
    b1d63ce0:76b93a6e:4108d22c:6d65eda0:70675add    154.33 B
    ef5cc542:83fa283d:28d693a2:c0efec24:9c76e7ae:7c2dcbe0  

2018/06/07 81872b7c
    b5f62881:19a68780:99955b81:30935398:882c30fa     46.30 B
    c3300413:d6bffc61:001dcb26:405640f3:ea402925           0
    861e38dc:8751c377:63ddff72:dc8a35fb:844a85e4    -46.30 B

2018/06/07 32be2a39
    93ab80ae:60229128:efa3d352:9b458590:8a1848e4  1.37000 ZB
    0220cff8:d6a00621:090d8552:b3a6ae6a:6b76ff9c   -108.03 B

2018/06/08 7a204965
    40bea7ba:96d715a3:ba810c6b:10f5db7e:0ad9454d     19.78 B
    984b0f86:03bf36e1:18abe1e7:a877054e:066fb909           0
    4e88c020:8cec020d:b06317b9:9a1e1908:09849e26:ab18c69f    -19.78 B

2018/06/08 6bb66b7c
    9f758839:b0b12174:05d7e01e:552f23ff:527acee5      5.93 B
    69f672a6:92110277:c710af19:998f81f6:47592d4d           0
    3481bdc8:7ec9b22b:b001c580:7346c8ef:651044de     -5.93 B

2018/06/08 92f63b6f
    03723cb9:5fc4b844:1dec9c50:980d8469:98d8513d  0.49600 BC
    3dcb0059:a5819f43:40e42332:c48d0b3a:400f0958    -13.85 B

2018/06/08 a0ba7c0d
    ea7e6b13:aa1c26bf:b08e1336                 297 L
    * d43744de:c0e21fce:9f510db2

2018/06/10 fbe7a8ea
    f6f6f521:2c90d7b3:f9ef4a56               1,439 L
    b17e60e1:6b91b63b:ca3f5243:a80bde55     -1,439 L = 3,526 L

2018/06/11 10f18a47
    bb8ecbea:a6359a3c:3ea81ccc                 341 L
    * b5e45074:9bcec4ce:c5def335

2018/06/11 0fd53a9d
    * 4a7e3192:336ed400:50c23248:8c00fba0     2,000 L
    0d56b766:b31acb19:9fa8a7be

2018/06/11 ab130e9e
    5a021ded:6763b4a3:4a72ba6c:dd07d3b0      1,900 L
    1e6ca74d:b4af114e:b7e553f7:f2a9f2f6:9fc73688  

2018/06/11 ca03e023
    86f7fef4:17c50ca1:5d2bb79f:ac215040        500 L
    * 577b927e:f8159bfe:1c526132

2018/06/12 38e1dd87
    3e008f39:487dbb9c:7a402359               3,610 L
    43c28232:ded182e4:bfff6704:53bde289  

2018/06/12 a1098c27
    d98c04d7:10f83de3:a4a306cf                 238 L
    * 321f2508:e969e640:975b831f

2018/06/12 297543e9
    1648c6e7:7f67c881:6958717b:fc3d68df        280 L
    bb0c9fa1:185e2218:517cf607

2018/06/16 21f8d47a
    10942795:e6f59972:4bfbf3aa                 508 L
    8f6e7c15:4e9f67d1:110ff27f:b2944c20       -508 L = 3,018 L

2018/06/18 3c70f219
    53c57b1b:14c22e57:4c32f772:b50ed704     61,663 L
    a77067c7:63fa0baa:d8305563

2018/06/18 cf321cba
    5ff841fb:980f79a3:65282020:377c1bd7        211 L
    801a9fe4:ff7fe1ec:574f3151                   3 L
    8a743c26:a72a5c7a:74ddafcf                -214 L

2018/06/19 99d62990
    * c7a9dcbd:037db952:f45daf69                 5 L
    4b919523:9c562159:5eaba992:6f563191  

2018/06/19 1933d1e1
    4a8fcc1c:e643ec13:3c8bea03                 150 L
    bf2ddc38:5f7b7dae:28fbc53f:d5f60610  

2018/06/20 c047019c
    15eae3b5:7745ffa4:8e466664                 630 L
    * 76a8abf4:076bfe3d:202bf619

2018/06/20 992d0da0
    6780bb52:b0426afc:900f9e7c:76d0d0c1        370 L
    * 3d5a68a8:06d8497f:89de7c70

2018/06/20 21caae0b
    6b360afc:604ec643:fe75a194             164,361 L
    9ded72df:94bc5868:d00cf9cd

2018/06/20 17757737
    d48b98ee:54c3901e:4006dad6                 264 L
    * cc756677:1e710ac7:319fc284

2018/06/21 6ed5615a
    7d3fdf06:eb32d87f:45de5fcb:b00663b9      1,411 L
    60336544:4f6c2186:5303d829                  21 L
    * e2d1158d:a3ca4b7e:483b99b2            -1,432 L

2018/06/21 9994a20a
    cf9bbd56:eec41a49:1e0c35ed:92c92dd8        110 L
    ce5e2b48:cffe69c9:62bef7ce:fd710ccc  

2018/06/21 2dcd793f
    419350dd:fecbadd7:e505d21c:fdeb27be         19 L
    bcdb1f3b:28ace4c7:cad60984:91d4b940  

2018/06/21 464d1635
    a3b2ba87:096595a3:09798367:ac36c1e3          1 L
    1ca85578:cd86a18a:298adfd5:d310efb1  

2018/06/21 854573ae
    18eb047e:71bb18fc:058c90ad:d5b20ff5      1,304 L
    5ba90979:ed18f436:1a84d0e9:0129b9c1  

2018/06/21 bd957f55
    558ac152:5cde174d:2c88ac48:d93441c9      65.22 B
    4262f9b8:a26c8fb0:a5676dfc:93b15f22  

2018/06/21 6db7cfb4
    e4a9b1c5:bb5256ec:c0622d6d:398bd543         44 L
    7f45bb0c:4dc3490e:96acf89f:f0d57549  

2018/06/22 ca346223
    * 692c74c1:6a278a30:7c3ca8a2:f744bfdb:29321851    400.61 B
    e3b12460:03919189:4e156267:3ef63337:9255dbec           0
    28554f74:37524c20:74a728cf:49c6abeb:4c5ec6c8:7dd13bb1   -400.61 B

2018/06/22 8298ae66
    61239e2e:e1524e4a:c1644947:4def2b90:02e0eb8f    120.18 B
    ae465cde:a1b7cf54:77aed5bb:a1f4b429:8ed89b4a           0
    * a0eb1c63:bcd972a8:508d27b5:9d1ba37e:b94c00aa   -120.18 B

2018/06/22 96c7b093
    e05d39e8:390db2fc:4090ef19:e11d6c9a:a0b6af41  3.48400 DC
    4b7c0c3c:5543e5de:b50a2d8e:1b6244b0:60dd1876   -280.43 B

2018/06/24 52e19257
    280583cc:e0e005f5:25ee30cd                 127 L
    e742d6c1:23dec4f8:746a2a8e:f8a54a6c       -127 L = 2,741 L

2018/06/25 e023cc8d
    e08cf708:50267a67:d80740f9                 500 L
    104b5ef4:394d474a:85869f3f

2018/06/25 52bbf6fa
    * 1abb90dd:07a4fc77:39dd59f6:8b0e1a69   199,859 L
    fa6b0fb8:91c6f26a:fe3d87f5            -231,667 L
    8c4a5900:8b7b3f99:1edf3020:f97e1d8c     -2,900 L
    e1808389:819582e4:99847f31:b87aca62:34cc6b32    11,428 L
    4a3eb288:6499e5c2:425f3fac:826a242e        962 L
    c46febad:84515e46:cdb9de67:e0cd712b      2,561 L
    c4199a11:1c4158e0:a472353d:7846afdd     -9,000 L
    c49bf3a3:17acd234:a6740e02:65448f99:957127e3     9,000 L
    3b7453e2:16d91274:afb0bc45:c2334b42     -1,300 L
    b0bd154d:84277f8d:05bb7ddc:4b4584ff:910e1779     6,000 L
    9315f78b:f15f99ff:b5946ac0:8281d717     -1,149 L
    563068de:8d84673b:a01404c4:1e50de15      1,149 L
    b3ac59df:d2de7b2b:8256248a:ab24d48e:c57d1520        57 L
    f91e5407:7318d38f:2cbe2b21              15,000 L

2018/06/25 ad7f581e
    6ee4ffca:9e68c26a:e9072b43              50,000 L
    2daf0319:8b37b901:9047cf04                  12 L
    94c26246:c8cc8f27:4d90c0e8:5da6f93b    -50,012 L

2018/06/25 db02b4c1
    78fbff2d:dc123bf1:3ee87700                 170 L
    a345fc12:37783624:1513ef81

2018/06/25 3beaf512
    a1df3488:61f8fadb:d9d31caf                 175 L
    89e99ffb:91d6ec96:50fcc895

2018/06/25 66157164
    8a9dc0aa:fd83494c:1006df52:7290d7e3:6f5d0a7d   6.0000 EC
    e7f21fe5:c89be547:0b338e60:ad8a5a5e:2ec2ed6e  -6,932.88 B

2018/06/25 65f79779
    3678aee3:1142c840:78e76db2:c97083ad:8f355558   5.0000 EC
    e3afd11a:6f6b9867:b8108c6d:f8e28c22:8118c320  -5,777.40 B

2018/06/25 5036a29b
    4243ab96:7eaab374:20b010b6:447e7a14:35d4b713   4.0000 EC
    1c4afbbc:18077646:c642d6e2:173f17f0:02613c9f  -4,621.92 B

2018/06/25 8caf6d9d
    c965071d:c67d6e7a:212f77c5:a509916a:39f6a340   4.0000 EC
    2b293544:800a48c8:5a55ab0f:dafba0cf:26cf5174  -4,621.92 B

2018/06/25 00700e3d
    bc9974bc:1ba94ec7:ab8e7d31:217afa7e:95865fe7   6.0000 EC
    b3541d63:e8635bbf:a424413b:8135d986:acbf66ee  -6,932.88 B

2018/06/25 cbbcf411
    27d16450:e0aea65a:026f7858:9cd938ff     11,074 L
    e4e1a24a:216b5a50:51c5db3b:65b53ed7  

2018/06/26 4fa8d961
    028033b0:0787c4ad:287984f3                 190 L
    46b024ae:b7596b7e:d6349a14

2018/06/26 8458002f
    26cca3a8:2f94ffd5:d823b7c0:abeebf7e       -340 L
    5d26981b:b0fb3c5f:628bfa8d

2018/06/26 19fdf431
    e177f557:13564a20:26b67ab1                 275 L
    099b4134:f6aed1c2:ece8d2e0:81e6e088  

2018/06/26 a96e417e
    7c36031d:d8e0ad86:36fc5b51:48469379     -1,509 L
    d334bdc3:de6dc753:222f43ba                 937 L
    95f91a0e:3c8863c6:c2ebbdc8                 127 L
    8b4e604c:dbfe4b3e:9142c2e4                 399 L
    52b0b4c9:c62ac91e:5db51ef5                  46 L

2018/06/27 011546a0
    * 6b1f88e4:9ae26692:11bd59d5              -509 L
    76b57dd9:ca8a5b70:fc237bae                 290 L
    296607fc:e10a6c7c:6507680e                 219 L

2018/06/27 3de6f7e1
    bb017cf0:bbbdd7cb:b79b3de7                 310 L
    * c52e0c81:6e7fccfe:4afd7759

2018/06/27 9ef92bb3
    b9a48e41:c0ceac7e:83cdd1be                 170 L
    e349c64f:57b0be09:496eb896:c0871933  

2018/06/27 97c88d45
    94024975:8cbaf8fd:c5f9b561:5217fc81         37 L
    5c370d10:0a7d56bd:57b7d05d                   1 L
    5acc8896:40458134:9472c8e8                 -38 L

2018/06/27 897fe95f
    064824f3:158712b0:ac964dfd                 -50 L
    6d26f49d:b7cc3b16:d5b1f7f1

2018/06/28 b8d11b5c
    8eb0261b:96804af0:1917e92d:82eb73b9        500 L
    06935e93:b1f4bd97:342649e0

2018/06/28 f6d4b31c
    21ea5644:cdbe5a99:32cad4f3:09828fc0:8ffaeb25    319.23 B
    7c76d3ab:d9837c97:eb6a0cb2:459a6347:47516500           0
    7cdb8b0f:e45d5636:434728cf:1b37085d:0e51159c:3c1c1485   -319.23 B

2018/06/28 83e16bda
    d277cfc5:c2c409e1:504bf88b:f31bff74:ae2a8e48     95.77 B
    e7e71a38:dbf3aff6:9a3df8a3:352d47c8:4cfc1b97           0
    15b29d1e:908a1e05:5a1cef3d:2a1c6b30:efb105be    -95.77 B

2018/06/28 9728a7a3
    f1279d4a:574413c3:51a25da9:ed53cc29:d2f62c16  1.95800 IC
    18c94149:87b6536b:02765fd0:48274698:5a858e48   -223.46 B

2018/06/28 67236025
    1562d923:7db14334:dff8fab8:e83769a5:2564108f    593.84 B
    99f3565e:467fd764:2f199fa4:96b79df6:d75a9ecb           0
    0197f2a6:8bec211e:765ffb88:0fbf559f:128326f9:fc61b9c7   -593.84 B

2018/06/28 76734a35
    944b19ad:e5f85d89:29ebd75b:df4ccff4:81c3bc0a    178.15 B
    db61cb07:bab20a9b:e4bc9e7a:f680c7fb:12f6a1a8           0
    542f5a91:3636735c:67ebd0af:1b53d44e:2f4c586b   -178.15 B

2018/06/28 70c9c563
    dd93106f:a8f3817b:d39185c2:8e5a988c:3ac780e4  8.10400 KC
    16cc446b:535bde9f:6cda2468:b1e4b3a3:90c062a4   -415.69 B

2018/06/28 a8b103ca
    6b46da90:7b10197a:2d48c5af:b104f4ce:eed1941d    322.61 B
    324fac87:028f0756:8d10f186:618cb997:4a929001           0
    afa4a88f:ca61fcde:f4c4fd7a:0fd2c803:3154adbc:0d3833fa   -322.61 B

2018/06/28 6f06963e
    f7e37d48:a89fe22f:207a3873:358fa2c3:03537c53     96.78 B
    e3b28398:6a204899:395f941f:bbc8dbec:9f1fdb0f           0
    34589d22:fb8bc896:5631dd0f:4ec1d871:312720b9    -96.78 B

2018/06/28 6d6dc192
    7b73385a:b4611443:974197dd:70eb7b4b:a23999b5  5.46500 MC
    f5b16e2b:8516032f:759ef21b:842037eb:2bcc2b2f   -225.83 B

2018/06/28 f8d8deb9
    daf9e4ee:2a4e9bed:4d8fe1e7:a7107e61:96360dec    128.52 B
    cb7ddaaa:c6657245:0fc4a452:e935aafd:3d59e999           0
    945f1519:6df069ca:671e1541:dd6330bf:56256f04:a21696e2   -128.52 B

2018/06/28 3a10e508
    d2fd7702:b7c21fe0:90b89c32:a05f30f9:aaa67aa4     38.56 B
    a47374e4:97955d53:7a2e4278:97958723:4263bf30           0
    abca7d24:c2b447cc:e8908f9d:9f50a127:64b17e46    -38.56 B

2018/06/28 13753d30
    2b771c81:8f505326:7b4bc8c0:e7084db3:5148f4b7  0.58100 OC
    367b6e56:f2f2ed3f:810f8a27:c669af11:b0abc9d9    -89.96 B

2018/06/28 37c00594
    a412f315:c959c430:8bd86540:80344492:998cefcc    453.92 B
    3792d161:be335c32:22f1a817:2390e05a:8b382356           0
    4b4e3d71:8efeed67:1f9636c5:c9b82b1e:9073424f:de79f56b   -453.92 B

2018/06/28 d79d1c5c
    02409452:40030d8a:96de4410:d7afef2a:503ee430    136.18 B
    0176aca4:71ef8b5d:98f63e20:75858624:16eff3ae           0
    606b2d6e:c94c5fc0:eacd0e39:5f02801a:4403961e   -136.18 B

2018/06/28 94c88337
    a121802b:7de34d82:0557b3d4:31c8b200:aa90bfca  2.26800 QC
    6e48035f:a0805a11:e1abd6c7:439eb4f8:39f48874   -317.74 B

2018/06/29 6bbfd341
    2927c66d:afddaa08:6945c918:4f7be98f:e0b0dd6b      0.03 B
    f40bf60d:5a5f8897:6af37808:a3e51a4e:3e3fad8c  

2018/06/30 c5320781
    b316c5bb:be0b7ae9:71b89a09                 348 L
    caff72e9:5ffb50ca:456e8b1a:f2282c1d  

2018/06/30 8452993f
    58f57468:3bc61966:0582358c                 565 L
    acfcbab9:3b7f9e87:7dca0600

2018/07/02 bc70b772
    c65c6980:a32db72e:0977b87f:b5f22890        152 L
    906b93eb:bc2f46bf:73e20045                   2 L
    a774ef38:ca96555e:794d6484                -154 L

2018/07/02 f7caebe0
    a90b7211:2b21b8e9:1f814a55                 214 L
    15177b4c:409c7e49:20e29d15

2018/07/03 328c6dab
    e2450060:a93fe6f3:c0f513ea:8d9bc071       -340 L
    aaba1b4f:0114b18d:0ca06f6a

2018/07/03 5b26625e
    c2b66dfb:714b458d:612fe72b                 275 L
    525608ef:12a31101:78575bf8:6daeaf8f  

2018/07/03 b0f7936e
    048c64d2:5c5f15f8:93526f80:c6f869a1      1,482 L
    39d99d6c:9afcf7cd:8830f857                  22 L
    6a41bfbb:e3305a57:ebd0801e              -1,504 L

2018/07/03 24a2cdca
    60009148:1afb13e8:3675bef7               5,157 L
    c2c23599:1551f090:37de97a4:fcffb33d  

2018/07/03 00da06af
    169484af:8073dec3:6a52302b                 308 L
    * e55ca29b:2cbdac71:48bda89d

2018/07/04 7ae2425e
    33287f3c:8da6b716:c9600392                 170 L
    c2523d7a:4b5dbf5c:23b14c3b:8d93ac0e  

2018/07/04 9df94e94
    3722ffff:768d91ae:68a61d1a                 513 L
    e754131d:b8592393:acd0e2d5:9c7a03dc       -513 L = 310 L

2018/07/04 1eb4a1fb
    0c50ba97:ebdfd8d5:6e4b8735:91e6970e      2,000 L
    1fff284a:de808f4a:cabf5e50:bac27c18  

2018/07/05 09a00161
    2a473e50:dfeace07:6964fc85                 185 L
    5e375311:98ad2b39:bb92ff2a:bc6db0c2  

2018/07/06 3b504487
    e6a09a41:7e26fd33:2077ac2a                 100 L
    53bfda3f:4ba2779b:6ae6c68e:b23ad793  

2018/07/06 5dbc92d0
    154f11e7:a1296478:1928bf4e                 880 L
    686835d3:d997343b:543d88c1:6b954482  

2018/07/06 0e699523
    5429d405:aa511380:6464d35a                 300 L
    f0c884b3:a33a2ef9:01b1ea4f:7b7fc7d3  

2018/07/09 5aea38da
    713e0fa8:b83fe31f:474e9e26             167,511 L
    3295f684:bf1ce7bd:a59f29f5:8ab89fe7  

2018/07/09 73201fb4
    53f51720:ee119d63:3eccae69:1d02ff11:45468226    151.56 B
    5a8793d6:2d6818d7:21188e28:5c1c1e79:411fc9e7:8f64d24e  

2018/07/09 c7a38b2e
    a5946f8d:92c2b318:b295c025:64d245e2:bf90398b     45.47 B
    1691e140:01512311:ecd4ad19:79bf76d2:1baef8da           0
    476dfcca:bc17bec8:85c73362:55f910f0:1f3f04bd    -45.47 B

2018/07/09 e35f32cc
    96a2396d:cdfa7d0b:edf1d1ac:c4067abb:98593370  1.33900 SC
    b033e05c:c9485bfb:15f83089:4cd38106:c480de70   -106.09 B

2018/07/10 730ee836
    0c0708c3:9df2c523:5c74e376:dea7628c:66477cdb     18.09 B
    1c3eef20:2afd4444:f6925167:1711171a:e60d8eff           0
    cb2afdf2:a0e28ada:fef688a5:b1f2b8f2:2116684f:83dcc927    -18.09 B

2018/07/10 2a6ffcd9
    44b549b9:ed15b455:7cbabe4e:aa533dda:3713f94a      5.43 B
    12b5b438:d5a21bc7:bb03e55a:4e1f66e7:0942e537           0
    403ec3d7:d8296597:b4fe2f6c:c69c97cb:8f356d0e     -5.43 B

2018/07/10 7e52672b
    a5b65692:3a09ecd3:19605e4b:9dac0d2a:19463dc4  0.45300 UC
    14e30ad6:23877c85:dc2cbdad:b12ff9fb:cc1bbf55    -12.66 B

2018/07/10 234cb7a2
    9414a362:9dd8bdff:084ad38f:8d547bd2      2,989 L
    c0ac0607:0c3c9fbd:997229d3:2c5c0d20      1,000 L
    2e6296e1:36f53226:03ad19a8                  60 L
    865c8266:d2ffe73d:b9072308              -4,049 L

2018/07/10 f079f9fb
    cff22fb4:cda1a82a:5aba9842                  60 L
    * f311cded:41b547ea:6c3b8ffd

2018/07/11 f0e4cc83
    c4b1c078:d35c7bc6:432e672d                 238 L
    85c0c84b:c68afde5:0539f532:09bd8f62  

2018/07/11 23e620a7
    9398676f:c8d3589b:ab409aaa:9bf3d257      3,000 L
    53b2ac74:6be42b22:bc417017:49c1f50a  

2018/07/12 3ea13798
    19f11412:53b7eae3:e84ead64:bd8b95dc      1,000 L
    12fca6d0:f79e8761:9d3bf701:e6ffcc88  

2018/07/13 c7e40684
    04c6f6b1:8a36ad00:c6ecd2d0                 560 L
    665ff759:0bf6e042:de65f0f6:e6dd7f70  

2018/07/13 ec11a0d4
    473dc389:6870b55e:f1b8f1d2:a49d09a4        500 L
    cff1a5b4:f73a71cb:1d12482a

2018/07/16 4e8008c2
    2ece3eee:8468eb05:7f3bf20d                 140 L
    2296f110:71e33c88:6774961a

2018/07/16 1750b979
    a8e862a6:35abaa0a:0a28dbdf:b4a7f9a7      1,874 L
    d49d2cb5:0731aa17:cd80e107:4eb2e547:e7cef7a4  

2018/07/17 635f01c9
    86f5ca65:3c438fbb:57fdc668               1,437 L
    9f03f137:6ca3cfc4:4d9ae324:f3ec96f4     -1,437 L = 2,610 L

2018/07/18 d5487032
    43cace18:f3d9d647:428a002b:04f32f84        214 L
    7d494082:cdcd829c:b93ac631                   3 L
    4fba8302:cfe021e3:c8e6b4e3                -217 L

2018/07/19 aa5a717a
    39361b10:8cb9e9cf:9366a561:93d8b999:bf859e7d  -21.00000 VC
    567fe079:880a5b4f:8c2de182:860c9361:1dee584f  2,400.68 B

2018/07/19 a1fa53a3
    f6f9484a:ae5990b6:ea2a9b0a:ae2ef21f:dfe2e8f5  -27.00000 WC
    3c86c40c:90a7382b:cf900539:3fca947b:f5142a11  4,341.76 B

2018/07/19 91030fc0
    350a24c6:4c57c27c:c6e1fbf9:79675f9b:da063f67  280.00000 XC
    f6b1ae25:5cb6e2d3:ee7cd4c9:502f4dc0:dd319e7c  -2,760.75 B

2018/07/19 1384a1b0
    3d123ecc:a436bef8:677c2d1e:ce85de4e:a0b6b871  106.00000 YC
    e16c1ece:ef57a153:be6f4516:5ea6133c:de7479f5  -1,782.96 B

2018/07/19 b454346d
    1a9ce100:a6cbb4f8:cad478e2:73c26b4a:5b0fce56  59.00000 ZC
    04784586:5f3a39ba:37fe16cc:d984dbf6:8d7ee065  -4,827.52 B

2018/07/19 9011414a
    3fc61141:c37a04d8:9820737f:9c82011e:cadfc1b7  104.00000 AD
    8a5777b9:61a8b6e9:62ba3b18:edf88d55:3c665ca2  -8,252.59 B

2018/07/19 f17e26a6
    a73af7ce:0e103478:92cada55:00f40811:92601ceb  -4.00000 BD
    68226f71:8852afea:1674cf1d:6447dc46:b5d59ed4    162.37 B

2018/07/19 1600a3d6
    68fd338b:e232fd84:2a053453:a040c682:d9e37082  -22.00000 CD
    bcc8c732:4389b2f1:27c994a8:e104b805:c2d0a7bc  1,140.89 B

2018/07/19 2e26cf76
    44b99924:d09c561a:df364d5e:fe845c7b:5172b6b8  -68.00000 DD
    00420c55:dfd8aba4:92952d99:0cd7098d:669f3d83  9,867.19 B

2018/07/19 a2d659c3
    aa584e2b:973fee48:4a8bd150:cfdc3e2e:febd807b  -1,471.08 B
    8608f193:c2d620b7:7a91a0ed:589cf45f:8a3ef27c  53.00000 ED

2018/07/19 4b7abb20
    0e860ceb:b23583f0:7fc18940:ef95bfe2     61,663 L
    a16567f6:83fc22cc:77be8b1c

2018/07/19 f4ad6653
    bf935ab2:f06d9688:817fe001                   8 L
    76cde2ca:5ca718a7:641ca227:f9757753  

2018/07/19 5723bb64
    4213d3d9:006dff86:24bfcb7c                 374 L
    88e92e47:8963e105:1d834535

2018/07/20 cf8558a1
    4b010870:c811ca4e:76a16499:d8179f60        280 L
    352ecf67:1415e96f:220f5c3f

2018/07/20 b5d3e0ff
    06cde710:3b604bf2:81096650                 630 L
    * 351d7b14:c496cd0c:28e79f5b

2018/07/20 c429be1a
    8dc4eb07:56b71bb1:011ad743:12c96c03        370 L
    * f776cc54:2d6a161c:0398dfe9

2018/07/20 f88e6991
    27146899:18565f4b:cc823f41                 176 L
    ffb8bf8f:bb639267:9df1dd76

2018/07/23 a7f2d9f1
    babbd63d:0c56004a:0c583e89               1,547 L
    52274229:f70a6d19:5f410624:ede8f654      4,800 L
    fbfebe4a:377f46a5:d322fe49              -6,347 L

2018/07/23 a96b846c
    c173c76d:17094caa:b0cd9d24:5d6c79ef:47e4d495      0.03 B
    85a8bc79:5acdc5f8:79aade59:9808f98a:748f7edf  

2018/07/23 55ce19c5
    72791e9f:4d9c2788:a16ca692             164,361 L
    e44a4747:199d9d21:8bb792df

2018/07/24 16f12a5d
    3dfa994a:14fdb5bc:6d9b2ca4:c3a0505d      1,000 L
    a2092bc4:d07bc9c8:2f8e1d76:1eef96e1  

2018/07/24 9889f7f1
    0ea6d0b5:41ee59bb:bb8f328e                 297 L
    454e8cd1:8b1c6b5c:a6f3a0e5

2018/07/25 94808022
    7409258c:3df24e89:053b4671:43e4787d    199,859 L
    70de85e9:43253656:aac54f05            -231,667 L
    9cfc4239:b670ee4b:d45a92d6:748e0d40     -2,900 L
    52d257fb:4de7b99e:88adfa78:4a010ce4:fc6d4786    11,428 L
    f9d64b13:6f9238f8:2aca83ce:f350ac04        962 L
    de1a678b:f4ecf8bd:24db641c:440062eb      2,561 L
    acaa8468:739f97ae:748ca91c:2634d37e     -9,000 L
    bea9bbaf:85edd87a:20292b66:ca8a9a1f:80ca8b18     9,000 L
    1db841b7:08555801:e2954018:0f5d7c2a     -1,300 L
    48561bda:498a3483:94ac4ce0:01fe2a74:2ee99d47     6,000 L
    c648cdbc:9ae95ed0:be08f8d8:ab5d43ff     -1,149 L
    8aa90fac:17cdc4cd:6fe92d66:402fc468      1,149 L
    615dc042:52cbbe7e:24cfc63d:d1ede416:b907ea9e        57 L
    7bcac635:59960bc5:0f6b4676              15,000 L

2018/07/25 9abc450c
    1fe9b6a2:effc6cfd:4c7e4fbd              50,000 L
    272260bb:a7a0bec4:b8fefd98                  12 L
    785fcc11:486a6e90:9691a8b1:bd688cb8    -50,012 L

2018/07/25 19123daa
    40c38c59:30946182:2e36ec81                 500 L
    06d332b2:65a117d7:82a7e1b9

2018/07/25 5241a489
    91453539:3af31b3a:260def3f:ce534c8a        500 L
    93cf798c:1c8bbf1f:5d424976

2018/07/25 4946df95
    c4691c52:db695cf1:82e5c79a:3a8e0149     11,074 L
    a5222b70:04ef1822:5606ffb2:bd5d8ea1  

2018/07/26 00b5e369
    74f9abea:ecea559c:0b22c191:50fd9a76      1,000 L
    aeebd0fb:32239aa8:b4948707:9a9fc6a3  

2018/07/26 fc31f96e
    c24b0ecc:e02264e4:0a65c8a1:bd35f6fc     -1,441 L
    9bff3935:cd4ced09:ecf6ba69                 937 L
    49e142ab:4712043e:c97449d8                 105 L
    9fc4e994:8ab68dc6:7abec0ef                 399 L
    f2762faa:ca43f2fc:6e7dc97f                     0

2018/07/27 456df456
    de317d55:d09dc5e0:d195d56d:9e62d0f2         37 L
    fba53756:b4fa3797:f59ab3fb                   1 L
    839617f0:676839e7:20ae092c                 -38 L

2018/07/27 2960f034
    1ab75769:e6e64078:6bb75f5f:89a3023d:dff9cb8b  -48.0000 FD
    75768eaf:34d71505:03e43172:405f693b       0.78 B
    47c730cf:943bacf3:8d30f3ce:e7d71bf6:c8dac381  60,921.30 B

2018/07/28 c0365e4b
    67c68cbf:f9b80051:ca3321e6:e922317c        281 L
    3c0e298b:96534eed:d04a7331

2018/07/29 d4290d34
    568ea72a:4685b0d0:07fcf241                 300 L
    fe7c1158:30781d20:a6967944:6e0203ae  

2018/07/29 e802e476
    36ee0a54:e5484f32:621ab585                 350 L
    1e8e0b5f:7cb454ca:027c2089:5a53bbcb  

2018/07/31 48119c7a
    05c5881e:964c42bd:5dc8fb28:c922ddb1:c25104a6           0
    2e688607:a7bb55f8:e4b2d409:efbe5d70     49,035 L
    8570e68c:fff5e010:9e97ffa8:6c919f73:021e56a3           0
    465a117e:97a64375:c023a4e5                  10 L
    6df19b5a:0964837f:6febc5e8:220d8d30        955 L
    650a9cf3:b43d28b7:097d4c91:818a81ef:8e6e657d:e1f8a9b3   -50,000 L

2018/07/31 712ace78
    cf244af5:11c4ebf7:84f78ea8:62f1b39d:b942e617  2000.000 HD
    749e9476:45c1ba03:f79a5d20                 244 L
    b8a35b4c:2590303b:5bcf0a0b:4bde8474   -171,544 L

2018/07/31 fdb26ec2
    9e06e2b7:ae37d5e0:13ba01c9                 457 L
    85b31b10:db63ed9a:e97f843b:b528b57b:09712722  3000.000 ID
    642eb229:6ee63a19:50e02f0b:789f87db   -321,457 L

2018/07/31 577ee439
    4083943d:56398cbc:5a24ec9c:d564c843    408,085 L
    a587bb80:849f31e5:9bdfb54c:f89dcad3  

2018/07/31 b92121a7
    05403b1e:62729396:268be2be               9,935 L
    9975ee7c:ef792172:39293a4a:91834160  

2018/07/31 f833f18b
    82b6ab63:481ffbe3:9119f56b:3249377c    150,000 L
    52a1744d:c0631138:7045c7d4:27cee4d4  

2018/07/31 fdefe6b0
    c8491e03:9a0a8625:93c25345:04868578:2c897329      0.02 B
    c57e388b:951a0de9:a0921806:d54419f7:bbb55e06  

2018/08/01 90940aad
    3ba5b99d:e3d35028:b57928d0:5a7391cf      2,190 L
    a18c5d02:aba3c7cf:f28264e3:3b5d8fd8  

2018/08/01 bf28b04f
    e031b5a2:4db2062e:db9e5559:890913c5      2,190 L
    4ce78414:db80e6ac:76c57c6a:af0d6e58  

2018/08/01 d5d0c0e0
    8c1f6a88:a49da611:c0b8a35d                 200 L
    b2b15d44:dee3eb77:6a0100b8:5365187d  

2018/08/01 29ad7582
    44e275b3:07efa39b:79e88634                 800 L
    05a72ebc:eed9d284:bc1f326a

2018/08/01 4ac9801e
    8cc974e8:b8790f8a:b413e94f               2,285 L
    9cb68e84:954c335b:e4d4f28b:2b22bdbb     -2,285 L = 5,275 L

2018/08/01 1187f707
    b3f1f307:37c84782:05d306cc:c0cd9a72:f51163ee      308 JD
    e4ccf448:ae685feb:3aeaadf9:3d20a997:a53f9612  -60,883.09 B

2018/08/02 9a329647
    d3b0c32d:30e7bd19:9510d537                 363 L
    057eac04:3f5b9a78:e128f1ad

2018/08/02 e4817551
    a8776ac9:16d5417d:5dd3fd77:161e7e1d        153 L
    de7a0cc4:eea68e1f:465fcb36                   2 L
    761f3d48:66ea6d93:95b5dd16                -155 L

2018/08/03 5cf9159c
    0f7d69fd:659d6666:4885ced3:a5b4fa91      1,478 L
    ace2cbed:982fab90:1f78b05f                  22 L
    6188373f:049f86c0:2e6fc2f6              -1,500 L

2018/08/06 7398025e
    f1806a36:f2bf3a01:960b41ff                 200 L
    1239a5d8:0c3ae2b8:61ce50f9

2018/08/07 42313ba1
    b3e87408:c9ecdfbb:72e0ab05:0f6f6275        500 L
    929db89a:22d050ba:f214c7a7

2018/08/08 00715ded
    6e6ad8aa:239a199b:f1520d5d                 150 L
    4fc6f450:3eb918fc:980b443a

2018/08/09 20eadb3d
    1aa0f8ab:dc15f280:aca18e14             167,214 L
    2491bef1:39ac8500:3f47b4e6:5fcbc020  

2018/08/09 1a25d939
    0e0ea939:e250b1be:c15b4931                 352 L
    9e55fa82:a9574ec0:265dab06

2018/08/10 1b74c4e8
    9a92041c:6f2bc666:274f9c27:4d95b858        200 L
    9f80925c:f313d9c2:b95af218

2018/08/12 92416523
    bccc191c:df94575f:e9f32f11                 483 L
    44b21d7f:98fb8ac5:a6d95570                  15 L
    3d4dcb36:64641435:a14ea05c:1d0d4868       -498 L

2018/08/13 eaec1e03
    8bf38b2c:1a3fb660:c4b0f0e5                 480 L
    a358bde9:6cb000e7:af43bc6e

2018/08/13 a046505e
    2f047650:228896c6:0b0bff49                 748 L
    8517eaeb:aa8c5262:632a8ded

2018/08/13 574fd3a6
    cdca4bfb:0cfc29e3:5f9df208                 220 L
    bad45f49:7da3423c:adccb06f

2018/08/14 2fe37d81
    d222494c:216bf19c:3ae2607f                 200 L
    3a903eaf:55e539f3:10128a22:8bb9bdf3  

2018/08/14 b1a8673c
    a1a962bc:8b28fcd1:4475a559                 451 L
    07fbf074:d786250e:bf521246

2018/08/15 418ed765
    f846ee25:c2b97324:ad66ef27                 130 L
    650d8482:f3794e54:e25348a4

2018/08/15 40ab6d3b
    8d996bdf:9dbacf7d:c34c5676:fe3b03a9        421 L
    41e2a93c:95c7be58:6fdb9060

2018/08/16 34a6b7cb
    a1740fa9:b0ae38b0:eb5d8bbb                 209 L
    fe0c1592:fa39e9d3:a452bfe1

2018/08/17 68503df7
    927db560:4485c554:eba5e9a5                   9 L
    eb40bb8c:1d0b7349:2b6d5cce:521722db  

2018/08/17 3978ec33
    342bc551:300030a1:98def2dc:afcb0da2     61,663 L
    a0d7cb80:6e10a4a9:74e669a7

2018/08/17 5cac6b8e
    9495199e:275b2b55:ce4595b8                 200 L
    cef341c9:59f84256:79423328:5286281b  

2018/08/18 26aed5d4
    960fc64c:26cbcca1:7f6894fe                 613 L
    72d00df9:a33c414e:36694bb4:9304aa70       -613 L = 4,462 L

2018/08/18 9779d123
    6f61d8da:be9caa4d:e02ff3c7                -218 L
    001e8e31:904b0658:7c5250ca:53f8e47a        215 L
    6203caaf:5463e802:b057b575                   3 L

2018/08/20 0905a850
    5a93cb5e:60e40e6c:78e8a64e:57a370c6        280 L
    21804db7:d0ad1c38:f365878d

2018/08/20 697ba36e
    c7e7a099:7de5b042:918574d4                 630 L
    0f5918d5:2a07628c:7e3dc039

2018/08/20 a57b06ba
    f444c116:79af8903:b6e52540:a791c7cf        370 L
    4b52d866:d7f1a675:8283c4ce

2018/08/20 6b83a7f3
    e740f760:0e6c33c3:96a98359                 100 L
    c9fe9994:ffff92fc:064ac09b

2018/08/21 51b55a1f
    31b311e5:fd67518c:9967e6d2             164,361 L
    301b6760:933acf19:c929d184

2018/08/21 389e16d6
    6849580b:62c997f2:2919c8a0:9c947a0e        500 L
    0a8aea27:23957e8a:a1ffec72

2018/08/22 9c6f6ae4
    411cf448:7b3be1fc:0638d9ad                 225 L
    03d54db4:c2b89c48:0c0f4e2a

2018/08/22 b5607a47
    4752db73:f5694d75:a6cc9473                 151 L
    49375140:d9f81ab8:c6ee9099

2018/08/23 b2983a5c
    9a4f0c1e:7c8a92ba:d44583cf                 130 L
    d7df3449:07b22ef1:7354d964

2018/08/24 8c4fe3a7
    4dd7a03e:243cd822:83925e04:cf09d5af     73,265 L
    9244b305:ca13b05d:bfaa24e7:c6e9e2cc:af39dde6           0
    2c9bc871:ce3b8032:c27f6088                  10 L
    e8304d7c:7171f09f:898cffa2:8399021f      1,427 L
    23e85e4f:b8c17583:630a0de1:45ea64bf:f200712c:f30b9ac2   -74,702 L

2018/08/24 6aea6d35
    9944fd31:868f08a6:d853995a:8ccc9eb8    199,859 L
    356ed0ff:0543c1f3:c7d9c435            -231,667 L
    da08496a:270fec56:1da8aac9:fd0817f2     -2,900 L
    2fbf08f4:e87f4b88:1ba9e33d:55608e88:b0e20ca9    11,428 L
    7030cd94:5b63d653:3e7831d4:2e7fe15b        962 L
    428fe6ae:4afb4214:13b1ad51:4d23c06b      2,561 L
    70c9a4c8:acc25fb3:b13d6750:5c4e4d73     -9,000 L
    e8b0cc68:ea56cac7:fa71c428:b4dd21eb:2e5b3190     9,000 L
    1cb8c391:f92ee872:4d5767a5:d10f5df5     -1,300 L
    974b3946:1780fd8b:9ae8fc92:a9d1a148:501218ab     6,000 L
    942b4a81:2cec3aff:71aa0b02:e2cee644     -1,149 L
    b3c483bf:f6b33cef:8cb2d41f:3b06f69d      1,149 L
    a6be1028:b557293d:e8e3f8aa:b839e0e2:a36bc9f4        57 L
    1d02f99f:f928b8ed:d2a597ed              15,000 L

2018/08/25 c957d8ca
    67820701:abd0b1ad:71250c5f:0ec6ce42     11,074 L
    c2c08a14:fdf0c9d1:9c69c838:6d9e8387  

2018/08/25 661ccc39
    16fd4869:e4e266df:8d1b3cf3              50,000 L
    1241648e:2be478d9:c5de8e0a                  12 L
    a833f845:af1eb341:8b5d6080:2d143909    -50,012 L

2018/08/27 0a9b7b61
    e84d94d6:871531f1:11ead022                 500 L
    b14e3f37:222bd083:6c746f3e

2018/08/27 c0deadca
    4e601163:45f4ff4f:354a2f78:bb52a8c8         37 L
    04ca82b8:83f54945:9fb5ba3c                   1 L
    d0610a98:c01544a7:f3093f21                 -38 L

2018/08/27 283968ae
    ffe23a1a:d68e759f:a2b85b73:850c5ccc     18,190 L
    c248193c:c0825068:70dae1e9:a9526951:f891a17a           0
    78f7ebc9:2a9c6f8c:7cf2b3da                  10 L
    6b621c83:4ab5a818:593df2b8:5a83bb7d:50359290           0
    f6c2eb73:f6442c84:96700203:f391c6c8            0
    fa9b5eaa:c93e3667:27b1143e:5a7151cc:7b7e767e:f4c5a508           0
    7ecf800f:801621a5:7a18a6d0:1f6e7dca:6363eeba:a327cc1d    -8,008 L
    fc1c4147:facdf002:d97b6dae:015b52b1:413a02aa:35360aa3   -10,192 L

2018/08/27 b56ee71d
    7a58d7a1:8b2d2526:7dacb235                 100 L
    06718b59:9f741cc2:c7d7fba8

2018/08/28 e2422abf
    67fc02b3:5b86c4aa:f5119051:43fe3b4e     -1,478 L
    93a23628:468cc532:1dd7c6aa                 937 L
    493fa6c3:3bd8c9c6:06b2e5d7                 142 L
    77b71447:ed8e1e13:f45956c0                 399 L
    64d95a8c:c0a86ca8:18a095ac                     0

2018/08/29 33c8f7bc
    9b32eedf:21a3af05:594be8df                 451 L
    a0f76d4d:a9dbe69e:18974582

2018/08/30 db0fbdc1
    69e9fc87:42b4ecc8:35d28d26                 275 L
    33c6232f:e02173df:35609aac

2018/08/31 b19b88b2
    c6f3d405:cebf35f3:47440ea0:957737d8     34,970 L
    afe45ec0:05105642:b32122ad:368905b9:af037fe6           0
    e16ebd51:596f2de1:4f16cce0                  10 L
    f2df5dc5:179d43ee:e397b29c:a42b9325        681 L
    11c3826e:69b4c144:f7114a92:c68b71af:b71f75f1:d75994d6   -35,661 L

2018/08/31 8343d438
    347070be:ded542b7:a83d67a9               4,771 L
    f1ecfc22:dfe33a9e:1c55a024:b158b515  

2018/09/01 5aa22182
    f4341753:4acdedd3:5f9171e3                 990 L
    31693da8:a3b03d1f:b6f72e35:e602e376  

2018/09/01 da070573
    aead6b40:efdb9b84:712317cc                 200 L
    8f7bce3e:05682945:384ae3d3:8ebfc1e5  

2018/09/02 00c60e49
    fdb46bcc:ddba4e38:41c6ec31                 295 L
    efa65e81:4d4b80ac:330099b5

2018/09/02 7479a0fd
    409b559e:9d13e48e:ae040ddb:c8c9f775        153 L
    fea8ad84:9dcf5f57:555b3547                   2 L
    ff4118d0:73c58641:6dc3071f                -155 L

2018/09/03 97640834
    6b21e897:7357eb0e:3ea7ec18                 199 L
    6e713add:f4a1c8cf:73d2dbe8

2018/09/03 eeebe6d0
    213943db:9fb8f2f5:48aadb99:b25b4ed5      1,466 L
    40d5fb22:93182cd8:39b59716                  22 L
    c9ef984f:f8a39c37:fc64ebe4              -1,488 L

2018/09/04 dbe851d5
    8503505c:43ed88b8:dcc7a19c                 189 L
    9cd0799e:5fe9ba2f:20244c1a

2018/09/04 c7b799d2
    6ad710c2:aa55d345:03fd034f:b6fc15a7        500 L
    892eddf9:0cadba54:a3e5b181

2018/09/05 6d21418a
    0187f122:81ba73d3:4c34d318                 150 L
    9b7e4e45:dc360c48:657e9be3

2018/09/06 4c94171f
    5a3d0352:fe78b96b:bd14cb3b                 130 L
    d45bf4fc:e57a44c1:88534e9c

2018/09/08 e53630fa
    dc090b56:953d552a:131e75d1                 700 L
    b987d66f:242e4d5f:313b60bd:6c475afb  

2018/09/08 5f564082
    ec4eb4bd:73b18ef1:be65a303                  90 L
    017be161:eff04e49:a1f6124b

2018/09/10 4ee1a5c7
    0831814d:21b7c1e1:d8f77019                 130 L
    34c1c2eb:99638394:0b796af6

2018/09/11 0c1e8c9c
    7bd42fa7:354a32b9:5993f2df             175,149 L
    9086eeae:6b6df050:1ab6be8a:1825d583  

2018/09/11 0c57bc34
    05c4bdbd:dafb520f:9c0e17c9:628c52dc  43,098.21 B
    42cb5570:54aab5da:6c19a79d:9bae759c  

2018/09/13 0999dfab
    c024eafc:d7b5e32d:636259ff                 162 L
    1162357d:918af7c7:a8c0ad3b

2018/09/13 63a5225d
    e5fb7ab0:5b25a00e:f01080ab               5,700 L
    da74126f:5429e091:6193afb1                  15 L
    df3a9ed8:00ac1149:6a2401df:5a9fcbde     -5,715 L

2018/09/14 981bd953
    1e1d3b8f:aa245dc6:619f3bd3:2150080a      2,300 L
    050c7023:08c3661e:3a556430

2018/09/17 062bc252
    679f10fc:523cc4ea:c57237bc:c8bf80f5     61,663 L
    dd8febda:21a85ccb:9aede717

2018/09/17 af654008
    d15b8066:02b00f3a:b5526dd8:d6512bdb      1,874 L
    4b9fca30:7a0e4a29:86ac009b:e65e129a:9dbfa4d7  

2018/09/17 1377edba
    ecc8c682:9869e53b:b7d56095:a13f73d0        500 L
    3dd773c2:d84c806d:70682039

2018/09/18 139af0fa
    a93cb61a:d187d5c4:75ab9c3a                -219 L
    c11072ab:35ad8fe4:2d6098c5:f1838622        216 L
    56074fe5:4402535f:fcee020a                   3 L

2018/09/18 db40cc32
    c674e771:73be570a:122896ba                 280 L
    6c6fcf00:1e872eed:378cb525

2018/09/18 8566a631
    11212b3c:82844ee3:18baebfe                 899 L
    aa0518f4:ff612ac7:a0b2f268                -120 L
    a61e6181:62889778:4d485b99                -779 L

2018/09/19 63ea5013
    5dd921a4:9c77e31f:fd58d339                  48 L
    229b88a6:3696d32a:01bd8695:049e07ee  

2018/09/20 1cc7ab6c
    5b8f7810:9215b52f:f728fc9e:3696f5ca        198 L
    5c185468:4081fcf5:45d64920                   3 L
    f05dfeae:541ad776:2c8007b8                -201 L

2018/09/20 9edaeb54
    9aabb898:c3c40763:e34cb12a:0f4c7aa6        280 L
    4c19125e:5667f108:1bdf4fbd

2018/09/20 2b2316e6
    4e210fd7:a806f8dd:48c2a228                 630 L
    bc45943b:7349722b:5ff46f1e

2018/09/20 b20aa793
    2e333289:d6289b90:6fa31e25:2db72c55        370 L
    620db5ce:5dba5993:889014fc

2018/09/21 27c906d9
    84e82743:765e759c:1c756b96             164,361 L
    f76d3800:5b637184:c5555e2e

2018/09/22 cf4c3def
    656c07ca:b60951ca:df40a04f:2187b708     -1,300 L
    1fa25f0b:75a4ed37:be86a553

2018/09/25 6bd89313
    ff669500:e2f94da5:cd99b809              50,000 L
    6dfed750:39d7a673:82173aa5                  12 L
    3527ecfc:9fe92e45:81b92c9e:2d94320a    -50,012 L

2018/09/25 a2f9c164
    ea47c15d:e07bc66d:c39edec8:862f4bff:e20edb48   5.0000 ND
    9efc3ebf:cac9d152:73c56419:53203045:6b528a0c  -5,866.85 B

2018/09/25 50e648fc
    cf43f3ed:51525d67:8197c137:977eee1e:8cbfc47d   4.0000 ND
    2fa0722f:79c04e49:0ca1d588:ba7b790e:d7b0fbbc  -4,693.48 B

2018/09/25 1819274e
    a10ef271:6f09f843:4cd085be:682d10a0    199,859 L
    d002b2ef:40244a5c:7e45eb4d            -231,667 L
    ee975ca9:95448b9c:fc5e8fa5:f9d32be7     -2,900 L
    2de3b64a:e2860b77:1aa64fc2:c12f5be9:6cb8c3d1    11,428 L
    c2da1be1:89991083:1934c72b:ea059d6b        962 L
    3dc8e370:2552bf38:174c4f66:9bb1b661      2,561 L
    af0cc875:ed5fad54:308f4774:29d7ec1b     -9,000 L
    213608de:825e487c:2a562f76:6451c062:62d9a984     9,000 L
    b5645c59:822f0263:d3d81b57:c26d0388     -1,300 L
    b595dba4:abb29d86:ac2d61b8:43d3550c:4d676258     6,000 L
    6ca64401:2d336a35:d318a500:3b39a6b1     -1,149 L
    20b9d7f5:456200b9:abf6bfcf:f937ae2d      1,149 L
    b2a03400:e5270ef4:b44071a9:1a3dff07:bf2a530f        57 L
    69db8f92:dff5c8fe:3af1fa72              15,000 L

2018/09/25 bf7e9afa
    b1c5db2e:9f07d43b:9607abd9:90a1d87b     11,074 L
    2ce6a4b3:f8b916df:83f8bc22:8885aee9  

2018/09/25 1297ddfa
    9619c8da:b01aa7b6:35c8c766                 500 L
    b9fc5f47:7e4d2820:56472441

2018/09/25 9f803e68
    0d023cae:42def6ab:10ea0438:9b46e7a3     -1,409 L
    f93b619c:f13b172e:3fc3deb9                 937 L
    9975878a:de6d349f:97b8b228                  73 L
    379501f9:ff09efad:55931994                 399 L
    f54ba152:f2a9e4f5:9fd2c5fb                     0

2018/09/25 843d5d41
    d4facd4d:eaccc78a:520b109b                 150 L
    5a16a45d:108085fc:d48d924f

2018/09/26 b4905414
    a04a6275:e2d68cb3:212d085a               8,499 L
    9f807687:f8dd5e03:fc71a541

2018/09/26 0d12340d
    5ab0bd7f:b0b6ca2d:c2936e39                 120 L
    60ec3bc3:1d41d2fe:21e95dbc

2018/09/27 5688e9e8
    1cff8ac6:79b15693:71b993c4:f2b56eb1         37 L
    07e95dda:3048e90a:8897634a                   1 L
    f52786a5:1f6f77f7:2aed93ea                 -38 L

2018/09/27 df501310
    35aeacbb:24a75aaf:ef8579a8                 130 L
    7149e68b:b671f755:affb9aad

2018/09/28 66f4df77
    80d6e7ae:81b31334:1fede382:6f5a8bb1        500 L
    86319474:57f2872e:30da537b

2018/09/29 a01f7cd7
    83cd327c:74180576:9692590b               2,272 L
    ff7a3045:d0c47dca:c3ee2517:93deb0c6     -2,272 L = 1,300 L

2018/09/30 a613052e
    ac278fb4:3435b18e:18897d51                 330 L
    8c950413:d72e91e4:86a33a38

2018/09/30 b0d6a7f9
    e6cf9f20:48efe7c0:e5a2d1c8                  80 L
    3b022fd2:c2cab06f:ce5970d8:9c9959dd  

2018/10/01 5026a040
    00c16df2:700d25bb:5fb7fb42                 200 L
    eb2697b7:01716c44:343acd9e:3325018a  

2018/10/02 a71c6414
    5d0d5261:6d71abfe:684eba5a:d54ee670        153 L
    cd892541:f9738b3a:c80260b5                   2 L
    8c2ded7f:baa8b07d:d9f5f982                -155 L

2018/10/02 b1130005
    c2e6c84d:538fe3b2:a1604927               4,674 L
    981a8be9:b59b1446:20437e75:b965a8b0  

2018/10/02 1b18bda5
    * e944aa22:84aa9816:86be4b2d:99eedafd     1,095 L
    88364f13:2672398f:88d6bf3e:1f796afb  

2018/10/02 20a737d2
    6929c0d4:ab4b4750:4db9ca5d:2174306b        105 L
    2fa2dded:985d8e8a:5dae4af3                   2 L
    f20d2913:92e00fee:f44f90ae                -107 L

2018/10/02 eb29284b
    0fb43f16:bd8e67a8:3b960339:96e026da        728 L
    4cb789d2:a6e1b313:859dbb77                  11 L
    6d6f20ee:3e871b95:38226669                -739 L

2018/10/03 116546f7
    45c37f53:dc115c15:8b8f27d2                 140 L
    3da0c8a1:fa1a1689:a9b3d094

2018/10/03 cc4f5924
    1aa6653f:2af7770f:0fe928c7                  10 L
    b7e67cbd:030eebca:99c9729d:33ee7921  

2018/10/04 51df5f25
    00ea849e:5dc43c5b:aa588f0e                 130 L
    39892b80:c382bea5:d0c147b9

2018/10/04 44f66140
    94d69527:4371413c:01fbfad4                  60 L
    49745c0f:8c87be8e:d004b3e0:826dbb16  

2018/10/04 1785e009
    0eb7d875:c02ad9e4:cf9f18cc:842ad48b      3,000 L
    834f72d8:47106cbd:427a0a30                   5 L
    e301275d:6f42fc97:d1894c00:b3fd5c31     -3,005 L

2018/10/07 67c96c76
    8d480e93:3e84e1a8:b010b6f7                 210 L
    e155a91d:a7debfdc:3ce1879e                 225 L
    cb548a32:7c85219a:64d40f09                 293 L
    d0090a95:d2cc75b9:89db0f93                  50 L
    bb430a66:02afa480:1b352925                -778 L

2018/10/08 43c241fc
    8e0dd86d:e855ca27:61572139                 450 L
    ff3e06fd:f81f7749:3a85d462                 179 L
    7220cfbd:900921eb:7f6d193b                -629 L

2018/10/08 03b6dfd9
    72328c07:05735b5b:a86b8f30                 130 L
    3f3003d7:b137df68:85d80f4d

2018/10/08 5cc574ec
    5af1421a:12e1b91d:e5e032be               1,500 L
    b07c487b:2cbb3089:e1ad76d6

2018/10/08 61d471ea
    20becee0:fc0e894a:a6c5567c              27,500 L
    c0ae2175:20c06c8f:bf8b8e5e

2018/10/09 023c2a91
    a9beec14:73c18438:5cc5ab89:84e67205        930 L
    c86f43d9:50c93fce:d8f2f76a                  14 L
    1cb003d1:fa336675:6f1b4d70                -944 L

2018/10/09 52ccfe38
    faeee03a:d7cfa3f6:c7979eaa:46da3107        500 L
    a700271c:005b1829:8980dc11

2018/10/11 2b10b634
    7528aaf1:440fb033:f865c3f7:cbf96434      32.32 B
    0ac43605:faed09f4:4deba732:f3e27999  

2018/10/12 83ba4ea5
    199e01d5:86c1ff55:e815f05a             168,075 L
    7ba44475:9e26d085:0a9694cf:1d7866d0  

2018/10/13 c376afa9
    35cd7f7f:ed370749:7c6aadaf                 130 L
    b0f8745d:c0de97f9:dc894a46:33a0b7cd  

2018/10/14 ee730c4a
    a6dbde6b:fe3643fa:edb4bfef               3,200 L
    ec06884c:983314da:e53b7c95:9eb61d91  

2018/10/15 2deae2ae
    34a2964e:3739d3da:54778218:972b82e5      6,000 L
    5474d468:d9fe9c9b:397bb6f1                   5 L
    4813b2a1:aa8e5269:2e034dc1:35e53f91     -6,005 L

2018/10/16 a120835b
    5ee296ef:71c8c885:5a6a97d5                 335 L
    8c2e860c:9e159169:18acb612

2018/10/17 760aff0c
    47c78395:11fbc88e:cbfa5fb0:959000eb     61,663 L
    3c36fefe:0c7069fc:8d631fd7

2018/10/17 8ddf2e21
    f8578ff8:ef37a996:7ab1f380                 179 L
    50340583:ed051589:5bbbcaa8

2018/10/18 87f3fdac
    e01498e5:50ed92ca:a757659e:50976333     10,000 L
    df2d26c4:1e5678b5:6deeefff:d78893bc  

2018/10/18 f4e100f6
    fe0caf99:6e7dcade:a8f1c6bc                -220 L
    0e1c7f9e:d82bd531:42197161:c918032a        217 L
    5ed82936:508a0049:7426f5b6                   3 L

2018/10/18 8f23c451
    d45062e7:56d8bc05:945c1d7f                  13 L
    0d766c9b:e3be185e:08757664:fb3faa1b  

2018/10/18 917ae908
    e9597ff0:5ca00c24:06367754               3,000 L
    6807c621:36b076d6:0c098393               1,600 L
    f0cb4d48:691dec29:185b2468                 800 L
    f9f5989b:7708ce56:2808aa27               1,500 L
    ca64dd26:9ed74f20:c31f0251                 800 L
    bacb4239:0044468a:fba2a0a8                -500 L
    28f5b3e8:02e9f403:974fa510:4f134c22     -7,200 L

2018/10/19 b808da74
    56676efe:0e0988c5:26b75e2e:2b3446b4        500 L
    debec520:08f12b53:a8636b71

2018/10/20 61c5ac32
    fc2e87c0:4ef0b2cf:15a2fc97               1,300 L
    eab32ecc:cca058f8:17056feb:f3c28efe  

2018/10/20 007ceed8
    54372165:2011db61:868634cc               3,942 L
    198bd772:c7dcd27b:0674a1a6

2018/10/21 e92e41da
    66733d46:487ef98a:f753cced             164,361 L
    44de5088:f083d7d7:a616141b

2018/10/22 674e42ca
    cf4c081e:4836060d:a32e104c                 530 L
    69a8ae5a:ddf72494:52842f1b

2018/10/22 eb202c30
    91044fb7:a395703e:94e60780:97b97aed        280 L
    bec0e09d:5cf63202:e0c86066

2018/10/22 47d9eefc
    f3b1eee1:52bfd975:bf3f4a2e                 630 L
    f64f55af:74920152:cba045f2

2018/10/22 29291c7d
    8ba61777:230bb5ad:077f086b:0edfcfb9        370 L
    64a3704e:9d0531be:8907f51e

2018/10/24 b4bfba9d
    b9a36c5c:bc8cb4cd:68b2d11e                 130 L
    b00f774e:0c38bf8f:88279114

2018/10/25 b5a23685
    14aed1b3:a8b7005d:c5fbb24b               2,450 L
    ef490d1d:128f82da:983a9fd5

2018/10/25 2be82de1
    f0aa16cf:4cd816d7:a7c0d50e                 169 L
    d102d53b:2e9e933b:26bebe68

2018/10/25 165f0217
    fd4fce01:ed6f3e1a:de92b76c                 450 L
    622624b6:3a52b8d7:a8d5593c                 400 L
    bcb8bcab:f5e4d5a8:c87b69d0                 670 L
    c42a6224:ef956140:d8a516ab              -1,520 L

2018/10/25 2ebdc020
    01b50e8b:e48e04b6:52c2abd6:c169bd5b    199,859 L
    8e31a958:9024ba45:405c8234            -231,667 L
    f678caf0:c3d97c71:a978ede1:d60e943e     -2,900 L
    2bc04097:52ded9cb:e6c104d7:b9c8ed4e:7a774bdf    11,428 L
    822c3209:c22f0f7c:c535ec7c:2661ed27        962 L
    883809c7:d9ee0423:646c2d95:7b629a6a      2,561 L
    4d8bd474:8a5eac7d:3736e3b5:18a7ce84     -9,000 L
    561ddd47:5db6b9e5:219c5047:52874d87:f45adc61     9,000 L
    64dc50c7:c6a28398:446354f7:945591e9     -1,300 L
    e2ea57c2:a71b81bd:de7d22ef:86c2976a:bd375fc6     6,000 L
    fd2a09b7:5e58be5d:eb2c1bc4:0ffe58b3     -1,149 L
    30410e5a:13a6a1c1:94e719f9:a32617f1      1,149 L
    26fcddf7:080f8a49:c5403ffa:6f20b22e:eeb2dac8        57 L
    1e885a5a:1d5bfb9a:14d3ed33              15,000 L

2018/10/25 26675e3f
    1c16a5d7:4b0e73dc:6c644470:8515499e     11,074 L
    82e55076:516da7df:27dddb60:cbccbfe9  

2018/10/25 c5c126ad
    541b9c03:8a3d38f4:65f65314              50,000 L
    93fee36d:6fdda152:b866b5b7                  12 L
    a9327e53:196dcd37:472e0154:489b6ed2    -50,012 L

2018/10/25 52521971
    fcb16771:ed6677c5:265b9d6e                 500 L
    356d2a6d:a418fb31:df252e58

2018/10/25 312b7ee0
    8356bea2:73bcd981:c4f98bdf               1,000 L
    a801cd6f:27178a4f:71123196:fbe0f4eb  

2018/10/25 431fe34b
    1ac27b14:3736dafe:32c53f39                 320 L
    ab540f7d:2d857db2:702a4a39                 359 L
    750d5c0f:b1907718:aa42349f                -679 L

2018/10/26 046d58f2
    d83fa12e:c5c70b9b:01f97e97:cbc53aa0     -1,426 L
    e96f886e:0f69380b:ad290244                 937 L
    5eb68b88:c24f08c7:0fc1fb30                  85 L
    30e378ad:23802ccf:c84a355e                 399 L
    29c6a2fd:588b73da:0fd33994                   5 L

2018/10/26 f39ab77b
    597da398:61624e20:4fc98741:c632acca        500 L
    a02f5f3b:80aa9689:044c6f9d

2018/10/27 b795b0de
    c299156f:e31310c5:faf414e2                 150 L
    ba68a55a:e73d1e26:ab1a51f1

2018/10/27 476d2315
    f6c2aeef:9b4a8b7d:57e5cb8d:2ece578b         37 L
    6d728338:727755ff:39132bf7                   1 L
    ba9c98e5:d12a1a87:53f970e3                 -38 L

2018/10/28 e283da15
    40e4e59c:cf76093f:767713da                 700 L
    c7af2e4b:5cae3390:3f1aee7e:53d72db0  

2018/10/29 a942dc57
    f67ccbdf:9f9bafff:a7523930               1,790 L
    6827b763:775c5156:5be75114

2018/10/29 a892a19c
    d8fa097f:d64204df:4389348c                 100 L
    a745371d:f6fead48:fb9fe473

2018/10/30 d166a1c5
    35a070e9:56630e83:c6da14e2                  25 L
    e94928be:c72a5ab8:57ed08eb:bf78bd10  

2018/10/30 037ebe97
    c8b9e7c5:dd3419ed:5bfa126c                 133 L
    3717a2ec:f5f2a3d1:be21ee2c

2018/10/31 4202541c
    8f410ae1:2abc8a90:03836974              15,198 L
    1cc1d860:2b7bcb9a:a8905236:2f5b24d2  

2018/10/31 8ccc4d04
    ff84bdac:9d12eb09:b63cef8c                 130 L
    be9911a8:6d4f66d1:dbdbdc31

2018/10/31 05ef9c71
    83b2334d:dbc82576:7a454f4b                 460 L
    d92f4fa4:f3094c2e:56b62b3b

2018/11/01 9f37b048
    21c69a13:8bad2a26:25b0b0bf               1,390 L
    988eda3d:6a4417e0:31d8469f:d501bbe5       -390 L
    051d5f0f:fa7d810f:6aa53629:082392c1     -1,000 L

2018/11/01 a5ec4029
    aa6a9fc3:e8bc8468:d8984dd8                 188 L
    c143bc9c:7c97ccf2:0a78861f:df172b85        812 L
    9e005539:9591251d:982828d6:14f9e0e1     -1,000 L

2018/11/01 2c4ce040
    * 5af236c3:22a2c6c8:2bb4f426:7521b4ad     1,095 L
    8b592d49:2c4e8f0f:cdd19977:0c7b38bc  

2018/11/02 3915c7ac
    29a0be86:5b75eaae:136b8217                 250 L
    532d64d2:ff994f2f:57359e90:ef8ecb3c  

2018/11/02 bed52de9
    53f2a9a0:ede7d395:2a6e41f5:82a21669        153 L
    7f193f79:24cf00cb:c4770dc0                   2 L
    70bbf706:cb03049f:5b184c0a                -155 L

2018/11/02 628bdf2e
    e88a10a0:269fdb28:320501c0:7557339b        240 L
    01a69b1d:9bf58816:450683cf                   4 L
    0731ea24:8a1bcb73:745c4ab0                -244 L

2018/11/02 413eeaad
    c8b71fc6:f7eb2039:016936eb:2198ce1c         26 L
    7ba35675:dfd92211:84c9561f                     0
    3ca7052f:f6d13db5:97fbf21f                 -26 L

2018/11/02 269c289d
    70c16cda:736f56bf:956e117b:89d82962      1,000 L
    aef813d3:4355b3d6:4f1d3ed5:c9f166b6  

2018/11/03 a8683faf
    21693e93:3c654c35:d3c0669a                 350 L
    da392e8b:0434645b:cd860f93:e461cdd3  

2018/11/04 9763a117
    d658808c:d0b011fe:0fdf477a                 295 L
    8d086cd7:27aeecdd:12aa109a:e73c8d23  

2018/11/04 57eae404
    0a395eef:9a557660:d53d7afb                 285 L
    c839a132:2823a563:6425c10a:770f3494  

2018/11/04 8e6f8165
    afb37189:3dd7eb23:460343bb               4,841 L
    4f6f7fc7:ed88d826:5a2147de:948179bd     -4,841 L = 869 L

2018/11/05 cddcbdde
    cd909ccb:dcd139b7:1295888f                 150 L
    0c42f279:afc451e3:ebf54fa9

2018/11/05 b7ffc8f6
    0af94237:1251c6fc:a60faa3f:8692778a      3,000 L
    2da27a7a:375ba76a:6d2b5f58:921a6973  

2018/11/05 bfa1f665
    a259032d:d506e1e1:5ebeaa61:26e1e82b:9279285c     3000 OD
    f5bebb2e:0171fd4e:7cd2924a                 110 L
    ee8ba211:d7c8de80:57dcf2fe:5471df37    -77,360 L

2018/11/06 480b3120
    df76941b:1c6bf92d:7f2c55a6:3602de5f        500 L
    310a116a:aeb5d275:762bb11e

2018/11/06 570598c0
    68a2e018:42900ac3:35f65324                 129 L
    8a57bae4:dac3a6ed:9c55ace0                 700 L
    cea5e671:9de2d543:d5170d71                 459 L
    c0f2a037:50a5cf09:19619e1a                 360 L
    20b7f785:367afc65:efe439d6              -1,648 L

2018/11/06 54dcdc13
    d269797e:5e8ad019:e18f467f:8e96a993      1,489 L
    31e8ed5d:03fa4bf4:edf00c0b                  22 L
    5f28e177:6439531e:81dd67de              -1,511 L

2018/11/07 a0f84ae7
    ad0f1364:5574488b:eecdc280:127b4780  43,122.78 B
    d366adb3:beeb96c7:790ea601:278f10ba  -43,098.21 B
    6b4af623:8b404b5b:fc24e4fb:b9ef58dc     -24.57 B

2018/11/07 21e8fb1d
    0c0252cf:d32a205a:bebe731f                 300 L
    eeff0b70:1cd00802:c49dd3be                   5 L
    8ca2a9cc:8a5491db:d07c0682                -305 L

2018/11/07 149565b4
    0eaaabaf:d34fee88:3cf31d9f                 352 L
    a0eb628a:c09600e4:49a3023c

2018/11/08 ebda2226
    b57a766c:4b17b324:0645c579               1,300 L
    5434b0c1:a19ca360:a4b4f7b8:eed339c9  

2018/11/08 3c3dd3f0
    62776f9e:b656121c:2056bfd9                  92 L
    cdb3462f:65f2ef6f:cade2322:9a05799a  

2018/11/08 ac5bae80
    d84db07d:f21fa511:a2dd8ef2:de869472:e181b8f0  33,500.00 B
    6a5347fb:2afcb994:5851b8dd               46.52 B
    2c8af701:d4d5308d:80f70cb2:11cadd78  -33,546.52 B

2018/11/10 d90e8e2a
    f476786f:c42c74c6:8484db9a             196,162 L
    2d2eb620:eec8a22e:e2d46c5d:4338fda8  

2018/11/10 b416e086
    4bf8f9ff:abeb50a8:d2f2af02               1,599 L
    a7818f01:f807468a:bd2fe4c4

2018/11/10 1e075f9e
    48dd4fa7:6054047d:aff68e4d              -5,384 L
    193b46d9:1b6bafbe:b6f8f683                 369 L
    b8734be4:447952f4:f04d34c7                 999 L
    347fd110:8d88ff72:0320d329:c67acc60        616 L
    22661381:dec017c6:7d97bccc               3,400 L
    21b83203:ba8659e1:53329e11:f3b8992b:f8143751:db7e3aca       100 L
    3b88cdf8:bc67bcdd:c405affa                -100 L

2018/11/10 e53c21b7
    07603e9d:54bcc88e:c477816a              -4,439 L
    132d1071:16a688c3:3858480a:dedd7e67      3,285 L
    0ea75bc8:2359bc4a:a24560d2               1,154 L

2018/11/11 d143c457
    332fe2e4:7303b8a7:d5681e75:9ca85d41        400 L
    1c49b4d5:74739f55:86ba61c3                   6 L
    23db2397:2e404d1e:21dd32cb                -406 L

2018/11/12 8bfa144c
    a559ed47:d67f3e54:3580d4db:3778ba42        100 L
    8db135b3:29f3149e:07cf2976

2018/11/12 c0e9db15
    96e832f6:168f6a97:e3db2d6f:6282a3eb:b7ca1907    15,383 L
    12fa4554:29af2cc1:0e96f4c4:7638fe86  

2018/11/12 1c71ac3e
    70d1cc72:e1ecdd6b:adecfd06:04b62458:765d30bd       955 L
    b4eb1547:7f467bdd:9b9e1939:c92c1348  

2018/11/12 90ff3ec9
    941e12da:d44ecb08:765e8a9c              -1,272 L
    f6c63e7d:e703d9c8:41faabac                 600 L
    b542ba0c:4414f13f:628db34d                 672 L

2018/11/12 00ae093a
    7c9ceba9:3e921e3c:6a3062fd                 170 L
    6f541f3e:eb4a4cc3:9d6b46ee:5c43c89a  

2018/11/13 50563772
    1d93b502:c223b1c3:87fdef25:3c1087c6:bbb22747     2000 PD
    54fdef47:65fced3b:38709041                  73 L
    e626ad11:fb0f9061:fa8d693a:5bfdc68b    -51,773 L

2018/11/14 0901b69e
    4661af64:9ebcc500:589f4d1c:eb7f1bc6     -3,000 L
    843b6f4c:2fb1138f:d2859ddc:82d300f3  

2018/11/14 b6453001
    5ad02ebe:2084e8cb:05e2a198:46766834:f38006c2     4000 QD
    a2b52468:d73f0b17:d18a2b97                 147 L
    4a708701:4b89884e:18f4c672:3363a784   -103,547 L

2018/11/14 3a3420de
    c2d9ac65:83bfd005:8f3b7e42                 100 L
    8706a663:119be02f:2115275a:71bbfb46  

2018/11/14 688dc0ce
    5346fb6e:06bf82bd:55a38bd3:6eb00364       -550 L
    eda39734:d6953793:a5a0c62a

2018/11/14 8685fad2
    c933568f:29494e15:d7a930bd:63e91d91   -103,000 L
    d33490e6:6b62d96c:b6a2f954:496cbbf9  

2018/11/14 ec352a88
    f8351328:d7f9704e:0b3bdb07               2,015 L
    4958deb5:cff827e1:1fcd1340              -1,915 L
    be5dcd95:075a3a98:a06d6e04:768ba3cd       -100 L

2018/11/15 34f71609
    75f407e6:9dbd0a35:20417f85:1c289647   -103,000 L
    793a4de0:9c0359af:ac9e4a33:4bc98a86  

2018/11/15 2a9e8b72
    034f9472:77f681e2:d5bfc549:57220385:def3eaa5     4000 RD
    19b91b53:e3c8e1c0:738a41fa                 145 L
    b838e4fe:106b89c3:bf25436d:79293b0a   -102,545 L

2018/11/15 5d47f964
    7c245ccb:647cd34f:3ab151bf                 363 L
    7f7356c2:c2d88325:dd744798

2018/11/16 82b7cad2
    6dd7ed7e:db5d1a9a:7e79b0d1               1,499 L
    e3043e72:2b65e4eb:4be7a562

2018/11/17 59825cde
    3d0f2643:6410bb7c:259c6fcf:8358b96e     61,663 L
    630fc444:fc71715d:624b6bfe

2018/11/18 47d25ca0
    1230c488:6587b8d6:4acbf470                -219 L
    8f276c68:3d00e575:1b0247c2:538939d3        216 L
    e6746676:3e969854:a08aa908                   3 L

2018/11/19 b4a0d224
    25250b88:7fd34116:3c7cc236                 151 L
    afb72c0a:9f5ca062:e33e5c95:cc498e67  

2018/11/19 fcf5fca7
    8fae5f33:7e397571:6a7fbbd6:5f6d36dd      3,000 L
    30a60e02:76c58e36:c2809cd4:0094d6fd  

2018/11/20 29e40fae
    aa2cd1de:ef4a5932:b64d8373:73838afc      1,874 L
    a23b3368:9ea1999e:49562de9:2a72d0e8:3e7a811c  

2018/11/20 6d1a719f
    67516200:e3851498:ebaa0ea5:17d69070      1,300 L
    6a422caf:1bb83d49:22ec0f03:cdb3e0f8:74f2aa6c  

2018/11/20 7cac50a6
    f4e3f0f0:8d273972:1e9e05be:5bd33e6f        280 L
    e4e68b13:2b87138f:5a955e5c

2018/11/20 36e28f71
    6bda6b71:991004e9:d3d37a81                 630 L
    4e456273:6fb00462:493c306e

2018/11/20 29c8cc68
    59cf78e7:ae4acd0e:1ddad73f:50d6385c        370 L
    c91a6464:5857bdbc:0d912c2d

2018/11/21 b796af47
    bd91b2e3:fcb7665d:f14e4d0c                 190 L
    bfc108e1:32c77f21:4321e1b4:2a017b4c  

2018/11/24 3518e1fa
    a9ef2489:4ba14986:e2ea07ea                 278 L
    5be425b4:4abdf2ef:e35c25ea

2018/11/25 c9e1d143
    26ffea70:3c10099b:5457d0db:3d082fc7    199,859 L
    2195e2ad:d6bca7bb:ef2ac1b2            -231,667 L
    0388c0b8:4823a7e8:e882003b:8c311e45     -2,900 L
    495a4eca:aface64a:dc729d25:8d558142:02238b18    11,428 L
    6c8c5321:56a0f1f7:6a017eb3:6278cea8        962 L
    771bc1bb:8baa31e6:6227ca40:bc2330a5      2,561 L
    e3aca6e0:6f58c05f:125728a5:3b6ef701     -9,000 L
    079867cb:b4343ef5:aff816ec:19bd062a:01e46734     9,000 L
    23bf4dd3:20a886c8:0b52e577:00550499     -1,300 L
    f3f914c2:71cec486:06860fca:dd56ea01:a12a0645     6,000 L
    671411f2:ae8ad512:06ef56b2:fc623962     -1,149 L
    9cce0f3a:f197688c:43c55dae:5d6f0432      1,149 L
    2f227fad:9d840e22:24645167:c18c3b77:0581d833        57 L
    0be86698:f3e4b2d4:0303e38f              15,000 L

2018/11/25 367cc05a
    3bd0ebf4:c8b94d88:87405659:543807ec     11,074 L
    99d99cc3:8a7cd341:0892cb81:7faf0195  

2018/11/25 76a75e88
    306a2900:f9c9a02a:a8cbc268:a96d5825        500 L
    3f7a50f9:7c19733d:e0b009fc

2018/11/26 a2997e7f
    99c575ba:69076a46:8b5dec49                 165 L
    c553c81b:37e10a6f:195aa4c4:12599c99  

2018/11/26 60498b76
    55e8d22e:df888270:00b9fb4f                 300 L
    77e07965:e6d4ad29:5c4592b9                   5 L
    5ab4fec5:f6052dbe:295c4a19                -305 L

2018/11/26 f6456287
    dd7d3f4b:9ab58c4d:f8ed0c01                 500 L
    599ed6fc:e2bea404:515b0e58

2018/11/27 ca8a8ce0
    0f9413d1:bc655b1f:a15bd7a4:71402a3c         37 L
    2ccbb24c:23b185d9:aa59473d                   1 L
    e209815d:ba884648:5ed45bd4                 -38 L

2018/11/27 d1f0b69e
    4708d8f0:dd6b65a3:f058cb96:01b737c3    144,272 L
    a988a275:8c1738a2:ff5724b4:977eefc2:68c24fac           0
    a78be40e:9fd2ddd4:7e0a2980                  10 L
    f0657893:5c46d8f7:d9322554:11a8ecba:0bb8f946           0
    b28b325b:eeb37fed:c84acc52:200cab74        718 L
    0b9b0227:1cbc1f38:a91a5f0a:abff280b:762b381a:4fad6a9a  -100,200 L
    8fd16534:4b9e40e6:8f814e58:cac6f46a:11ef7a3c:5c51f7bc   -37,600 L
    98e96dab:52793530:8c8ce091:719bcd5c:9f18b527:945b3f00    -7,200 L

2018/11/27 90299f1a
    42b49b82:29443515:b60b746c                 937 L
    fafc42e8:9673898a:5d2c2351:20a227f9     -1,472 L
    7d8e3a95:715599c3:d244e89d                 126 L
    61e2a638:9e978daa:7c940a1a                 399 L
    5d8653b8:323b0eae:d35d7db3                  10 L

2018/11/28 ae5ecee8
    e23208c1:3263bfd2:8b406187                 396 L
    00f83040:a25d2ba0:c064993b

2018/11/28 f08e11bc
    8d0bc87e:23029fe7:45823f57                 306 L
    44e3d6f4:9654ab1b:b82952f1

2018/11/30 9f32b6aa
    ab43ba58:3dbbefe8:262f3fcf                 342 L
    5f4401f4:f633d67a:005f8ddf

2018/11/30 89ab08ce
    4e833d4b:93efe8fa:8b1d3784:9b236928:ac51fc91     5000 TD
    fdb1f0d9:a25e0846:5a99453e                 189 L
    d4c87c7c:8cc6c8d3:808cff9a:d587bc02   -132,939 L

2018/12/01 9094b3c4
    1b69febb:0a6fe56e:0273dfbc              50,000 L
    66c3d2b3:e3bda5fa:2d5c5ac3                  12 L
    ac3c8654:f3db10d9:33409944:c8df9dad    -50,012 L

2018/12/02 5ab5abd9
    e73d828a:e582a3fd:fc3872c6:956cf771        150 L
    9747d4ba:8133e2d2:0a4efcbb                   2 L
    6a23939e:13b98776:fc6658d6                -152 L

2018/12/02 e49771d4
    d7bf927e:6a19614e:3bb0f7c1:6154a471         26 L
    9e68b5d4:528c2731:c0ad5c70                     0
    cf721189:95133344:67fc9b76                 -26 L

2018/12/02 5ba6344b
    55e7b2b4:7cd91301:ace8b123               2,250 L
    644cf32a:412b4f0d:6f3864ca

2018/12/02 bc067be1
    5b7264c8:d379f0b3:781ec004:99c86a27        153 L
    8760467b:c1f448d4:c9a837ae                   2 L
    826ead06:f8a4ac7b:6cfb7a04                -155 L

2018/12/03 02b2f942
    a4768821:ff15029e:3f8bed77:9ce20ec5        154 L
    5de71caf:21883ec7:4af77191                   2 L
    4889929e:4e259a22:670ee515                -156 L

2018/12/03 79052c6b
    d60af17f:2da31731:913ae54f                 185 L
    9fc51ff7:a5a7d568:6451750f:16cc0f92  

2018/12/03 a90241c0
    8766b64a:29051164:47b73311:8bfd23ee      1,095 L
    4e5777aa:8f73eacd:ece2948f:655c5749  

2018/12/03 ad3ea6ce
    7b728282:69078b0e:dd552966                 152 L
    b45fe02d:ca150302:eeb4ec5f:a2c5b031  

2018/12/04 663525bf
    ed9da126:919960c9:ad77b7b9               7,323 L
    93b896e0:61a98394:2222cb37:310b5e98  

2018/12/04 1cf14746
    ffb2f994:bf92ef0a:fec80c26:344b8bf5:4c56fa5f     2000 UD
    02ddd774:a28778ce:32c1ad8e                  75 L
    e270a402:e6a1290e:fdbc8991:fa91f186    -53,175 L

2018/12/04 eab8b82a
    474d006c:afe3778e:14a2f670:6de62633    -50,000 L
    305c41c0:f137e324:4e39c9ce:9c1dd46e  

2018/12/04 5ddd2a9c
    91cf7c35:d6768fef:511652d1                 130 L
    77cc73da:8c2b3ba5:19303046

2018/12/05 6bdf1b83
    6418e30a:750e3ac2:1b5a2329:39bdf01a:faa52d49     4000 VD
    d0332dcf:0f527cba:98a3eb2a                 151 L
    95ec1676:0d06cd29:3453c1e7:69556c0f   -106,551 L

2018/12/05 1c83814a
    a88166b5:b01bb9aa:4d421497                 462 L
    baf8bf2c:5ee55bef:4ff3e2c8

2018/12/05 a0eaf7c2
    6df31555:ca96cb53:bd8827ce               2,999 L
    659ea893:658595a5:c864f9c6               9,780 L
    02f35806:57cab333:acc8c003:7635fc31:90a374af:3717ff6a      -100 L
    fbb90b58:6b386d36:99cd23bc             -12,679 L

2018/12/06 9956644f
    74882b6e:cfca568c:4968e568:181420bc   -100,000 L
    82667065:e2a4cf49:d1311a68:df137f39  

2018/12/06 7b8ab59b
    b99f3bfb:053a7dc5:4fc5c74d                 280 L
    c9d11c2d:7620d0a5:1d722d68:eee81afb  

2018/12/06 6108ab2a
    773a5291:7310a7fc:8a06a105:01abf64a:6ccc25fc     3000 WD
    dad10b35:fc3dbf2b:360d36a4                 113 L
    a6f80132:dbce6b6e:01f2ef15:c857361e    -79,463 L

2018/12/06 8452e307
    6775e09b:64304fb7:78ac5ce0:821d0bfc    -80,000 L
    b4bd7e8c:54cfdc40:8f83213c:1ed4a9a2  

2018/12/09 2c709a62
    a7e40b8d:b607df3b:f0ecb6e4:fe97ffa6        500 L
    1f8c136a:af431d95:f760d88f

2018/12/09 6e478482
    5be18fbd:f8aea594:18548617                 429 L
    2d8f1b7a:c261ce02:d357a9e5               1,250 L
    31950b0e:fe5f5af3:4d015f59              -1,679 L
    28f6c1c4:a0db9748:44bfffb2:3a45a26e:18e9535e:1b5aeceb        50 L
    d459ec24:1e60c2af:5fae05a0                 -50 L

2018/12/09 dd277dc7
    ef5ae56f:ea3d2869:197fa143:36ecc278      1,237 L
    2bae716b:a5535aba:7693de88                  19 L
    810f4a1a:0d8023c6:3ef30ff2              -1,256 L

2018/12/10 ea9f2cf7
    7b9c03bc:1a5edceb:8e6b6f96                 220 L
    bc714bea:5868a607:5170b619

2018/12/10 30b6ef31
    ce580457:3d19d191:a923e1f2             192,377 L
    c2f15f04:9be62351:ba6abe7d:837c45fd  

2018/12/10 823e2fbf
    81f38021:25d9265d:9f640f3c:1c7c8629      3,000 L
    b3791f06:05e55c76:eb7e5d7b                   5 L
    737c01e7:eece743e:5ff2a8df:c99d461a     -3,005 L

2018/12/11 ff142f82
    37b4353b:cfd96d62:15941798                  10 L
    555dd65f:9abcc3a5:9a082825:ecaa2bf6  

2018/12/11 6ebdb35a
    c1bf2eb3:cb715698:cfe14533                 250 L
    2184dd8a:d4c641a5:6d5cf1af:4a01b8d5  

2018/12/11 8af8a97b
    565c0c76:3a049b0a:4548da33                 980 L
    bf52cbf5:1c877c1f:a10f0f4d

2018/12/12 a87bbb9d
    31d8120a:693f20aa:58c948c4                 179 L
    845dd85e:2615d97d:6023bbf3

2018/12/12 f497ebb9
    9938fa3e:f325c10d:f24eef31                  50 L
    e5c28a28:e36a886c:72c9fe3b

2018/12/12 04a74064
    0e6dbcc3:725bee8d:d9c281a3              10,500 L
    3fa9b559:c19ad604:0b5130ea

2018/12/13 9101998f
    0ff5e7eb:5f712004:8e8cfaf0                  10 L
    16de5920:9dbe5b08:82fa92f1:211acb4f  

2018/12/14 cf84849b
    1c62c4f5:61c74f04:8a4830d8:fcad09d0        398 L
    b62a9bf2:9714439c:4eb6e620

2018/12/15 d2ed96ad
    e381b8f4:e5c20918:224c2d20              26,690 L
    714c18ea:ed1ce6a9:56d1b791               1,340 L
    7acf95e0:28295b9a:ab2dde02             -19,488 L
    29f42ed9:bacb5ccc:188f64e4:253456c6       -542 L
    507be446:4b08e39d:87f9a5bc:29cc23ce     -8,000 L

2018/12/15 7dbaccd1
    4e4c61bb:1af4d7b6:3a8324b7:457517f3        100 L
    e3c3bebd:a7e08e50:f02a5b78:3364d4b3  

2018/12/15 1c08de31
    2e8bf8c3:ed5bb75d:a8241118                 154 L
    3fe6b5f9:69cf13a7:c8155597

2018/12/16 cb66010b
    43857d1e:69912fbd:bf2e9959                 350 L
    cd275322:affe53db:a496550a:131bf3e6  

2018/12/18 2e14c381
    1395f030:92cd0fcd:22e638a5:e1d69d4d     61,663 L
    fd420b92:f7a1d44f:fa5cebf6

2018/12/18 183b1323
    0f176b11:54923453:7dff39a7:7fe0b0fa:4dc55305     1000 XD
    fbfb6d44:13200169:888ec5b3                  38 L
    f93cd8b5:425b8142:2e459370:f72641ce    -26,838 L

2018/12/18 e930a171
    86e8470b:fcd48286:f36e1d16:f35a6d90    -24,000 L
    cb9df82f:db324db0:53315c9a:0c6f8b2a  

2018/12/18 9cbc953b
    3d9286a4:bd45a1dc:ad8fae35                  10 L
    3af8d635:11fc7d12:a8edcaba:76411903  

2018/12/18 489ac973
    8268469d:e1ae15c2:6ca05247                 250 L
    cfe1c81c:2286e26c:3d4690c9:bb9eb2d8  

2018/12/18 a87ea14b
    a329c72c:956075a2:32069ff7                -219 L
    985be256:00443746:dbaad42e:0e225645        216 L
    5de1ce84:45bfe945:034b569d                   3 L

2018/12/18 bffdb0b3
    0c3ab44d:af63164c:0c9b560f:e710eea0      3,000 L
    91158416:f8140bfe:f438b936:36c046cd  

2018/12/18 f146cdb2
    dc41acca:779c81f6:d871f15c:0df55a5c         12 L
    6778402a:d7867419:4d5760ae:a0352cc2  

2018/12/18 34ba5520
    eb2ee6c8:c7af16cb:397dbe45:fde21b17        100 L
    34af1d83:e10922d4:580d594f                   3 L
    91085321:1fa67a02:214254bd                -103 L

2018/12/19 b26527af
    35300ed1:f8ead720:68d1317b                 133 L
    a31b44b4:68bc9351:b0556e6d:78b059e9  

2018/12/20 e0f2c5d0
    cc0df01b:bcbaf4a6:52f5f74d:8c5226d2     30,000 L
    1a8eb688:7e05af77:770ffa6e:e648c939    -30,015 L
    952b672a:9f06a7ce:9af7d97a                  15 L

2018/12/21 289e6b54
    8f17e4b2:ca66a704:260ae3e3:75c72698        131 L
    79a564a5:ee5b18e6:d5bcb8dc:5d962a87  

2018/12/21 6ea3cec6
    cdc7347b:fe49cd73:fdd10a5a:3892f13e         82 L
    700747d6:c60052d8:e8cbed52:079c4906  

2018/12/21 2ed91e1b
    7ed62732:cedbd60c:e36c2d50:bfded3a4          2 L
    dffce00b:48a9ae6d:5e22038e:30b6cead  

2018/12/21 dc0d11e1
    dc7f1b17:89ef0203:618fcc01:57aa8d6f        788 L
    bfabd92f:bf7998cb:75364ced:e5da75b0  

2018/12/21 8a9ca5c4
    39393bc1:39077704:2955c119:dc637584      42.26 B
    7f2d61d4:a0a28764:b3262d27:b924030b  

2018/12/21 6f35c5ce
    99922ac7:b42e86a0:c09c340a:a43ca7ba         41 L
    37c315ef:074a9465:adb40662:f655d981  

2018/12/21 55c1e7f9
    60a82af7:5c749546:443c47c9                 307 L
    b0e40edb:e3114ced:a22c091f:49c96958  

2018/12/21 a00e469e
    1d90cee0:358462a8:6dbbc33a:61d50ae8   9,608.58 B
    754cc470:5a98e1e0:3be07b42:23de521c  

2018/12/21 57229758
    7584d54b:a5c35d55:8f3e2800:93eb5aaa:26866878     4000 YD
    9c59a139:89f7e5a2:3090e35c                 151 L
    7941ab2d:3d7571ec:f0ab611a:11971edb   -106,151 L

2018/12/22 4ed27f50
    711ad81c:f179d76f:b9330df2:30e6a546    -86,151 L
    88a7c249:73e1dc65:a81d92f4:a1455c75  

2018/12/22 6b776c92
    ceee3df3:f391751e:a1484e94:8482237f    -20,000 L
    1f44c74e:cdf7610a:688d6d3f:d8b37d49  

2018/12/22 86bfff11
    368bf6f6:4b381c95:a4deacea                 100 L
    9419a078:a2dbcd16:cb35cee0:b7c92cb1  

2018/12/23 f802dfd5
    d20c460b:dcaf98a8:b459e89b:453ec0d1    107,339 L
    43df2f8e:84c30eae:f023b5a7                  12 L
    aa2941bc:e31e569e:22c9f216:0020fb8b   -107,351 L

2018/12/23 345faaf0
    b6d688fb:e4318950:47a5446b               5,623 L
    5b9b1c8a:a71a4f46:c25e1ebe:008a9f8c     -5,623 L = 2,970 L

2018/12/23 9cd8e7d2
    0df97d2e:c762ec2a:e526a287:802a1c7c     30,487 L
    85a152d0:0c443e19:531cc991                  15 L
    ab41167b:e6655ef1:597c460d:81ae3ea0    -30,502 L

2018/12/24 b4ad68f0
    301bc6d5:2cda2cdf:f953b1d8:2585929c    199,858 L
    a5443477:cfc348b6:d7abd7ee            -231,667 L
    a43c16e6:c0e621a1:da6493f7:d36ea864     -2,900 L
    8760301f:b1b7e31e:1bd06fb0:421f3ac1:38df96d3    11,428 L
    52a22b4a:3d4e2ef1:b1e56604:d23f43e8        962 L
    0c04bb5e:d6064cc4:72fae1a0:8eb5d2b2      2,561 L
    e1498d63:4ce260c3:78596ae5:2d86e64c     -9,000 L
    9cbacd30:90f15ad1:a49029a2:e99af276:0bbd1770     9,000 L
    52122780:534bd5d0:5e1835e0:869b82d6     -1,300 L
    bc02254f:a233f8a4:1c2da16e:992a2ecf:6b001343     6,000 L
    938b682f:009f49f7:f6fe10bb:0b2a22e8     -1,155 L
    717cf552:9dac03dd:159b9c92:36c25bb2      1,155 L
    ea8b57e4:bc69fedf:c4047ff3:04a70a1c:1915a3b7        58 L
    2b5e6e4a:8a8b4470:049ab68e              15,000 L

2018/12/24 0198d05b
    7c6b4c38:a9240e60:f44742ec:fb2fa5ed   1,000.00 B
    0189f6e2:cba3c451:77be6d9c:a3b37c97   -30,845 ZD

2018/12/24 7964aa23
    414a60a2:cbd4b742:205a351a:4bba6283    30,805 AE
    0e62ae7e:d91769ef:5c95a525:5750f3ab  -1,000.00 B

2018/12/24 49c9b62a
    4502473e:6942f970:f509ea99:519f77bd   9,609.13 B
    e03955d5:bb1ea78e:76673f38:fcb4574e  -9,608.58 B
    a42aa0cc:c18b0645:849551d4:6539d635      -0.55 B

2018/12/24 9b950efe
    9f206282:e4974be0:71fb0da5:91d86c47   297,301 BE
    05371080:37b53c2c:7d86d6b3:359a6aa4  -9,651.39 B

2018/12/24 a3b0dd60
    a60ccbe3:a0f71c67:181cf6d0:f5fa5df3    578,175 L
    ad5a97f2:d85c8844:d6b5105a                  15 L
    7b0a1d1c:907af9a6:b0eaa549:aed9a4c9   -578,190 L

2018/12/25 cb63226e
    cca0cd8f:ec150c8e:8e3c3453              50,000 L
    9cee016e:8cb1248f:46f645d6                  12 L
    e858b212:97ae2800:c835580a:fab5af3b    -50,012 L

2018/12/25 6dd1dc31
    5afe2b2c:9726f4c0:fff62c7f                 937 L
    2ff0838d:fe9a2fac:16ed78c3:2b2ee5c7     -1,443 L
    bb0f2990:e32dc487:d1929545                 107 L
    21c8e1f5:861bf8f6:46803c2e                 399 L
    5695e1c1:bcd0c265:82e6279a                     0

2018/12/25 ea80a272
    8dcc61cf:1b3247ba:0812f325:166bf541     11,074 L
    dee9e9a1:cc1dfe74:58268930:c055b30e  

2018/12/25 8004f52c
    dd711156:df44c334:7754be7d:79771067:543b61ad   6.0000 CE
    1e982864:4948fc6b:6e476675:47abf22b:e1056c43  -5,857.32 B

2018/12/25 e4ec8f10
    37e5b9e8:66a2d8db:91ca5f26:f38e1478:0158ef9b   4.0000 CE
    7abb8f70:87952c07:3e31933b:db6cc9cf:5831a5b5  -3,904.88 B

2018/12/25 5ebd204c
    91534afb:25ab4ac0:fab8600d:f4868ff9:d9fc4def   5.0000 CE
    4991d94b:93dfb336:d18287dd:453252c6:8765d603  -4,881.10 B

2018/12/25 da4ca2a4
    752f3fe6:5bf5ecb8:e74d886b:ec9aff57:cb66365d   6.0000 CE
    401e0645:7a072229:61b12ab2:ee7f8c97:e7d4a839  -5,857.32 B

2018/12/25 b13239ff
    153d1496:74ebca12:41c35bc7                 500 L
    6976acae:25f51193:2869630a

2018/12/25 ac4149a4
    2f50bffe:3e407dd9:511e37fd:352bc9a1        996 L
    ca1a4384:d53bad6d:42eb2ef2

2018/12/26 c57344f5
    79ca81ee:d844b251:4dd2e488                 195 L
    035a815a:bda21798:116c33a6

2018/12/27 f32e6d05
    ed92cc48:d4234639:9a81fe4c:d2762d5d:de9d5f92:96099647     5,000 L
    8c69381d:db50ce4f:1b659af8:3b6d496c  

2018/12/27 89820a95
    e6572789:5f3d1678:cb00bbb2:64f12168         81 L
    7427615d:ec2f8525:93ff2c23                   2 L
    1c28415b:815101d1:0d1bea4b                 -83 L

2018/12/27 1ea9e4d3
    7111f0ff:f391fe06:e19c5c77               3,290 L
    096b2ee3:26b09ccd:a7d37746:84c8c7c7:3adaf2ae:2e9dda95  

2018/12/27 d31030d8
    d9a4c0a7:e0b50655:ee68ad73               4,354 L
    79031f76:0071dcbb:bbb7e011

2018/12/27 cf026b68
    d0db648d:3c330277:3742adde                  61 L
    8c9a95a2:5d7a0582:d187f714

2018/12/27 b45b058e
    d6fde63b:03744358:74f13df1:91fd93f3         37 L
    753359d7:029756ed:7c9eeed9                   1 L
    10f7b9c5:38a16dd3:3527c6af                 -38 L

2018/12/28 d974ae76
    ef60409e:597ed0f3:d483da21:fdbbfc4f        145 L
    42bba752:f6d65fd0:6fc019be:38171a1c  
2018/01/02 32b75a9d
    af6ab2e2:226921fd:a1701737:690e765f:49907be5   5.29400 A
    * 58f10d30:c7cab793:9b8f33b5:2c3133ba:85e05ddb   -629.33 B

2018/01/02 a5bbc660
    620a65dd:a1555aaa:39b4e302:5906f84d:7a689c44   5.69700 C
    * 19610c9c:7a83231f:bba3467a:4064a418:1b3d3ca8   -311.42 B

2018/01/02 ccfed2ce
    ac1011a4:2d8bc368:f2599e0d:4fa3b6bb:160d91bc   3.79100 D
    * 5fd744ae:7453ec54:ca1eae7a:5bdab063:0afb16f8   -173.70 B

2018/01/02 9eb0ab5c
    4d028c08:3b9b7500:11266e55:db0a596a:8f77d666   5.74800 E
    * c2a4f479:178270ab:e4731121:0cffb10e:f87b1da8   -475.94 B

2018/01/02 9084d73d
    ba50a583:bd02b4c5:8099ab87:5de551f8:185d2f58   1.22300 F
    * 022c6b11:9d0164d2:c09a2ce7:c0008b63:37dc462c   -181.31 B

2018/01/02 44d96312
    5a26f677:49c528da:7c5c6c84:c1da6163:1de5f1d0   2.55900 G
    * d1a8aeaf:2864d113:5c6e76ae:ecb1b6d0:6a4e582e   -352.15 B

2018/01/02 e965def3
    e34c4b79:38f18090:c714e801:e0bc0ed2:95a68af3    144.42 B
    27132380:d3d1da90:f7ca8cb8:3da779ec:7f95a80e:c425acfc  

2018/01/02 5b038014
    16c6468c:f7e48619:cf9e8348:113ae37d:f600e4c7     43.33 B
    1eeb1e96:48904668:5146eb48:4e9dd2e4:d27cf376           0
    7ba77de9:1072bc28:54de1b12:548130f6:999481d0    -43.33 B

2018/01/02 d285c6d1
    e04b291b:c0b22298:9a53ac7e:18d99738:285679e6   1.24400 I
    8f386f6f:03e1bdb9:efeb9390:2fa07e0e:d761faaa   -101.09 B

2018/01/02 7d462204
    * 079d0a7d:13322dfe:805fd9f3:c0a7e03e:1ca9d529     30.67 B
    999b1a5a:5a44e2d6:0a754d2e:b964e001:ca5d296c           0
    fcbaa2c8:7677a745:3d1de318:c79d5f4d:6bdf197a:ca37d602    -30.67 B

2018/01/02 6d0abccf
    e5e769ac:f57de4b9:477072c9:2c462e73:3de90318   0.37700 K
    b27c445a:affc3b7c:79336e5f:b1b0a2cc:56ad369d    -30.67 B

2018/01/02 73179018
    * def9b5b2:a7e0f558:66ae8549:ea2391b4     1,095 L
    4d50d171:e513435b:acb29b49:ec9524b9  

2018/01/02 3765d9df
    52bd61df:4b1d9be7:61e7ee2a:36c26eb8        907 L
    fa3b68a0:eb588d1f:7f6b6f90                  14 L
    * 7d33888c:6e12e0e0:0970120c              -921 L

2018/01/02 c03bf903
    8e14ae48:5bb738af:eedb91d4:8600f1dc        500 L
    * b16b8a49:869ec70d:8efd4c4f

2018/01/02 5310111f
    5ce030f1:9e2bf65c:f756da0b                 385 L
    * cc0df96b:d526af00:9f63a9dd

2018/01/03 9f5b5664
    c7cc7f6e:e4501c7f:fc6355e3:71202bae:d578fe41   0.49600 M
    367d31bf:bb544873:b2e279a3:60340cec:8cd7f050    -14.12 B

2018/01/03 229bd931
    ec684a75:be306959:9f6f1802                 341 L
    * 2b2195f9:df92df73:3a4b7cb7

2018/01/04 b2b17435
    97dcfd31:a6c6bd3e:ee8467ab                 151 L
    * 99639d55:060b75c6:e6b066c3

2018/01/04 bc4d6f62
    0090fedb:f92799d2:59e061b4:9ab1c13c:efda6b99      0.01 B
    f77b7af1:f9e89af9:955e8e91:084bb245:a380b066  

2018/01/05 367ed259
    6286d934:dbbdb55d:973129ca              25,000 L
    86370a54:82479803:5a5dc868                  15 L
    * 00f3f246:c7b65aae:bcedb4fa:ce5a6fae   -25,015 L

2018/01/05 7355e9fb
    386e3d23:aa5e5197:e53e766a                 417 L
    * 7319cdb9:9ffdc286:784da89e

2018/01/05 783c3f50
    1b1b06c9:b762d92e:f7dcdb00               1,000 L
    25aeceb8:64535b05:ad2e0f58:b6726d46  

2018/01/06 f5e32c85
    d73c7ca4:0bd15bd9:990a821a:2fd06013       -149 L
    * ff9540a0:427f6578:044893f5

2018/01/08 6d3d48b7
    2991d060:2cc95b6e:c2642c85                 352 L
    * aa102b24:0c95a284:b4435376

2018/01/09 600a73bf
    * 30ea83ba:4d885ca6:ec1628a4           106,876 L
    * 3f7a3b08:06c15964:e1f1ea78:2e07c0a5  

2018/01/09 34a0fb9f
    883dba99:8dc7ae78:39aa0143:816950f2     -3,120 L
    ff8baca6:fafa8d3d:a5bf99ae

2018/01/09 aec3fd05
    68ac4bc0:4776283d:2fd05af9:1be12b9a      3,000 L
    426029fc:be1076c5:676ac63f                   5 L
    * 35fd3aa2:2619703c:ad73fe3a:cc851fc4    -3,005 L

2018/01/10 82b20ea4
    551a4d05:a8bc48d9:3372ec15                 286 L
    * 5dc9b673:c34a84ff:7f8d5148

2018/01/11 68f0f5cc
    * dcfd607b:fd8b5c08:3ddfb20e:66fea1d2     1,900 L
    f49bbdb3:0f755110:d24b64c5:d575945c:5d9308d7  

2018/01/12 f1d78d05
    b33b9b5b:745789cf:899490be:ded26a7b        500 L
    * 74ae43e7:dc5a3675:160d04bd

2018/01/15 27189ca0
    * 5b6bbe24:9a9ac8db:9df30255:b9519fad       774 L
    5c9cc1b1:9f62c26a:f85efdbf

2018/01/16 084a0cd3
    7d3551d5:0114ffce:37c1d3d4                 352 L
    * 0836a230:b61a3bff:8e0b4138

2018/01/17 c67637e3
    c836f019:f7577c38:a0dd10f3                 150 L
    * 3f0d421e:d11f25b4:9af5a96f

2018/01/18 a7566098
    * 52e17093:5ac62f8b:69bc1332              -209 L
    5e11418d:21fd92f2:95370bcc:18cf4fc5        206 L
    b26beafe:a0be6d76:1078c477                   3 L

2018/01/19 506e346a
    978f5934:d6dace42:0ffd5203:01000532       -400 L
    5cc20d9e:874854cc:73d5214f

2018/01/19 2b738262
    36410620:1d0e7d6a:24404131:c7a783f9      3,000 L
    * 70cdf00d:76420a38:fe687e25:1fdb8824  

2018/01/20 51675ca9
    3c0886e0:909564fb:8a4df6c2:3783d339        500 L
    * 33b3506f:d5984f01:8121cd27

2018/01/21 5f397b96
    c468f7e1:fe4504bc:26c2575c               9,150 L
    * 02212b41:e1047ba0:6ca275da

2018/01/22 e9f2d7f0
    36ea1be3:088ff900:99308e5b               5,700 L
    8e6dcd03:21843734:996b1654                  15 L
    * 948dd8bc:aca0d7d9:78eef993:b286407f    -5,715 L

2018/01/22 6236dc14
    144a5de3:75e7f8c2:fa7480c4:4242ce74        280 L
    * b3f7b450:52e67ac4:23115db1

2018/01/22 75a2eaa1
    35689255:a6de644d:accf9949:93f1ed38        370 L
    * 6309582c:5a0d1ecd:4043ad49

2018/01/22 8fda0fab
    66ef06b1:75f9a39b:f9614266                 341 L
    * 691a6fe7:7a4924e4:b9155aa3

2018/01/23 09ec5e8d
    e893bfaf:3c6aab1d:ae1b2346                 205 L
    41c7bb60:ff47d152:09911e3c:94b7d192  

2018/01/24 5086141c
    35ccbd28:30d29df3:615c8057                 135 L
    * 3002e6d6:4081982b:ebbbd9eb

2018/01/25 210812bf
    2eac239d:bc3ff8f8:5dd48ec1:83fafe9d      1,000 L
    59a0e60f:5c1881b2:c40f6b77:47b9887b  

2018/01/25 b707aa16
    9aa65987:a7b71181:55b92008                 950 L
    * 13b19681:6ef7516c:2c33802f:fd934901    -1,577 L
    c7e19abe:4f5c8848:68ad7873                 164 L
    e627c624:5ac81008:d51545ea                 399 L
    503728b0:b1436156:25a06a00                  64 L

2018/01/25 82bbb9fb
    * 9d3483c7:4ef3d362:62670d85:6a595769   792,054 L
    4c38cc99:17c62001:7aa46e2e            -231,667 L
    88e445e7:52b95cd8:d60897d6:6dec5bca     -2,900 L
    5f6209f5:c2f3b1c2:fffb395b:839dea1f:324a33c0    42,743 L
    1d1d7beb:6d21fe4a:d234d1c2:7b206860        962 L
    41344b77:a458412f:83e80d06:0ad8a5e2      2,561 L
    011f4be1:c5be7f35:4c14c544:51b59e64     -9,000 L
    963b33d9:455a12e7:60bcb506:7dac7b30:0d24b08a     9,000 L
    29c29e19:96f6f9ce:e4b32107:771ff13b     -1,300 L
    887b1071:de84d411:42252de6:c19875d2:82affc6a     6,000 L
    5d046cba:f3dab201:504c730a:f6155032     -4,283 L
    e2072ef7:05e4178a:4ca76888:3555d73b      4,283 L
    a213086c:0a73912c:e0880efe:20e2ab97:251322ad       214 L
    fd83f75c:2c7ed5b7:377321c1:4c1aba85:83ba81e8   -85,000 L
    138b13d1:bf355dc3:9715ebc9:43b99d77:5bc2172b  -540,000 L
    323ce227:82fd4096:75731ad3              18,000 L
    aad11a69:98ad74aa:32d9010f:1879486d     -1,667 L
    c64e8c14:eed27738:29518f08:4243e90c        -88 L
    6f67cca9:8ae2e8a6:d8c714cb:09077b40:5979757c        88 L

2018/01/25 c9475218
    8baab3bf:0d012705:602779b3:f15f2047     10,474 L
    be1a3b8e:a1add5c9:229b9587:c6d8eee7  

2018/01/27 89cd1f0c
    e8dded43:767058f1:bd0e5e02               1,780 L
    793ce6e3:b2529d40:648d5517:b7daa810     -2,000 L
    d6a79746:877ea027:77efb8a0:331e275f        420 L
    48d3e90b:86284bab:3ff214ed                -200 L

2018/01/28 eb7d582f
    fb05e82c:cd2c36e4:9be5834c:ad74bf24         37 L
    fd95b9cd:8b49ba16:e9c32da6                   1 L
    * 0759c51b:b0f1a528:2be523f7               -38 L

2018/01/29 0a4d89ec
    b0426e89:10dcdaf4:493d649f                 308 L
    * 125a395c:f670d439:f49d6e61

2018/01/30 64f0733a
    * 94f378ce:4e2435ec:72b1fea8            -1,025 L
    8c309b56:661409a7:79002fda

2018/01/30 f0a389bf
    51de6359:ac61d30f:005d475d                 100 L
    * b0ffbb97:40d94fa2:e1d60a6d

2018/01/31 980f613c
    * 367620fa:b8f41db8:3e9bb0be             2,026 L
    * 71d1ff25:34811c39:31cc733f:fdeed6b3  

2018/01/31 a1c41154
    e3c2852c:3a4a0cb9:2a4c8e50                  85 L
    c28697f2:9517869e:bfd983b4:cc0a3489  

2018/01/31 353a2152
    6292c911:d225839b:9d6e3537                 275 L
    * b78c83a8:af465155:d297a689

2018/02/01 9bd32b3e
    * 4fb55d0e:fb8cb2ad:8243342c:5dc54149     1,095 L
    7153aacf:c7c85868:c4d03f27:8713aaff  

2018/02/02 e63bfcfc
    94a5151c:69161f0f:b197c19f:cafdb0eb      3,380 L
    5f71aece:9ecd8791:d3c98ecc                  51 L
    * fe7a38be:e14f0225:70335a09            -3,431 L

2018/02/02 4a9d74f9
    072c7d51:7aca6c7e:fd563765:b5456016        500 L
    * 61dfed38:c2a0633d:91e6d335

2018/02/03 fdcb67fc
    * 84deb800:fb25e8a3:f7bb5f2c:43c301e4      -935 L
    c0b0b155:513c5921:37f36048

2018/02/05 8c80f6c2
    dde43f2b:1cbdbb3d:7c67989d              25,000 L
    26f22fa3:62ec99e0:0d7507d1                  15 L
    * ae3bc35e:c240d819:f718e4ec:9fe0650d   -25,015 L

2018/02/05 0bdbfbe5
    6f9d6a93:1ada5dd6:8cc0d94f:42a04666:94215b0f  4000.000 N
    0389c004:542ef412:2e1be51a                 473 L
    * 5e64482f:ebd53f72:318439bf:7cfba9d9  -333,073 L

2018/02/05 d9637dec
    65d4f8d0:30bcdcb3:407254bb                 417 L
    * 61389e17:86da1bd5:f653dd78

2018/02/05 fa4c49a1
    61e7e79b:d1e431bd:4227ebe3               1,000 L
    a2c0b044:1f9fbb00:b45ba3d3:79816636  

2018/02/06 faf64d3f
    89c0f0f3:b7b140c7:5acb089d:d8518f96:1c66af1b  2000.000 O
    f62f43a2:428ce002:d525dd7a                 227 L
    * c161f51e:87140304:2583d1ce:c7e7a6c9  -159,627 L

2018/02/06 6333a6a5
    * d1cf5ea5:12046aeb:fae41532:9d090fc6  -332,282 L
    * 446f9724:f8639944:1b8449be:4eb3e8da  

2018/02/06 013d7c4f
    c2c23179:aa18eb41:9bfa72b3:cbab94df      3,000 L
    * 86a295ed:e0f469e3:ab83e6a0:2e12829f  

2018/02/06 9e1a1d8f
    5140fe4b:990b3ea9:e70e6d36                 280 L
    * d2b7fdc1:9879de58:ca5c9e62

2018/02/07 d0abbb86
    * 0f7afa11:34cef9fd:5bc1b42f:217b1dc1   159,627 L
    * 117eecea:fccf6c0d:2f4b1ce8:ce8f664b  

2018/02/07 36a372e8
    0c77f2d6:70b41f13:868eb166                 100 L
    * 2e3bdc76:ea633597:3df28672

2018/02/07 a6f2495a
    2b89974b:f22035e4:e476a025:c3a4fa03:2d560c93    146.70 B
    44ffe3a1:5013bdf5:10a4fabb:fbbc4499:8e928e06:d807b8e8  

2018/02/07 b8f145fe
    a643e4e8:4f8fafe1:a67954ea:6bf2d561:c47ce024     44.01 B
    12ba88b4:ff3f4639:158beaee:0be020b9:f2f46277           0
    c74c9933:5f03b7b6:7f8cfab9:0a9d66a5:ea29a877    -44.01 B

2018/02/07 95bf1aaf
    e0e598bf:9d126c2e:4471b2a8:d5b05088:434d4e7c   1.28400 Q
    84922f08:a7c26e2c:fbffbacd:41beca93:916916c7   -102.69 B

2018/02/08 3eb8ca00
    242c9bd2:ab8ab9b2:26fa758d:22909d1f:f6a2337b     18.34 B
    85c51434:8280a07c:0772159c:39cbed93:6d4956eb           0
    405e86bc:ef7dee74:adfb1599:b4b486ea:a77f2939:a7a3d74f    -18.34 B

2018/02/08 6f6902f8
    bcc1c1fa:49ea7a25:754e7eec:79c12c03:21cbe75c      5.50 B
    da241634:d4391b87:ac0c7b83:056378c9:b0e3e3e4           0
    4ed262de:32e931f3:128a5a89:7c73bcc1:e6d8e025     -5.50 B

2018/02/08 1694aa25
    addc7db5:186c8607:7d92bd80:4e65a6f2:e9183e38   0.44500 S
    183cd61f:385ef6af:bf27824b:e903f64e:28570593    -12.84 B

2018/02/08 1ba5e9e2
    3e14976c:197ada17:6680b1b5                 310 L
    14127767:af16bfe0:b93d39e2:179bc0c3  

2018/02/08 9eaf1ec9
    1c80b3c3:d450f283:99c7d54c               1,260 L
    * b78b43e2:a490e15f:715e6f46

2018/02/08 706eb5ba
    * 72418f83:51c03c5c:1a143090                10 L
    b22ca486:2bc59b16:bda6ad99:7cc5b82c  

2018/02/09 71f1499c
    * af9b340b:c22f5235:9294b155            12,668 L
    * 8ea82b71:8f86473d:05d9546c:f645f6e9  

2018/02/10 4edc7d8f
    e48389ab:51cada4b:c7680f1e                 365 L
    * dcce76a7:ce3ebf05:bdf12b13

2018/02/11 1eff3848
    625a3988:63dddb36:52c5de32:06c9ebf1       -645 L
    4c0c8c3d:b11c019b:650241c4

2018/02/13 b98ff172
    6658d0d0:4663bcc9:326c3f6a:99a43922     20,000 L
    * c66b2b6c:23307272:562244b8:711db81e  

2018/02/13 a1b4641f
    4fc6e1eb:44d75759:57f55122:47173705     40,000 L
    * 61bd0458:7d4c6edb:cde7692a:4f7639de  

2018/02/13 86799904
    d3deaeba:f55a9d9a:1a99ac52:efe2ccec      1,000 L
    * dcf879cf:78105d0b:7976e73c:8d7ced90  

2018/02/13 70d5d478
    6a9f4f6d:364933b7:496ff6ff:5c46e9e1        900 L
    * 1b42aa42:87098bac:336452fb:e3435ac2  

2018/02/13 16077c7d
    6c992005:100e3e26:6701fe86                 275 L
    * 073745d4:e32f8205:2a330b2a

2018/02/15 b153301b
    c0f6564b:45f4efbd:1203e1c1:b38cc7bf:36a86806    396.91 B
    28026665:47b4be1b:e553e73e:66197f4d:8a097cad           0
    8596bc8b:5bac9334:47b599ad:1aae5d07:695dfcbd    -33.65 B
    5ce1ea66:97a12983:f051eeab:f2bcb23a:f7c13b3e    -35.41 B
    3d179b16:39258752:c103582c:c0969121:aef0af4b    -35.69 B
    a0db1619:1fb3bf15:91edbff5:ca0484e4:b3fb6fe7    -35.77 B
    8235b247:46575337:077a4b6d:ee750c0d:2f67d550    -36.24 B
    249e01a1:784ae4cd:03f2a4f6:1c40ad36:97a3f743    -36.42 B
    ac2af798:40485181:b59380c1:4b05ff3e:8e7066aa    -36.47 B
    5ee8e3ec:5c048442:78302dec:0393f912:a24ae330    -36.69 B
    7dd0392a:c68544a4:863a7a17:30e4970e:30bf819e    -36.82 B
    00cf4ccc:7e5eb1b3:dcc90195:7cc7b6a7:04fc7f50    -36.84 B
    b779a52e:df09f172:47665632:706b8fa5:ff2acab0    -36.91 B

2018/02/15 82b7855c
    86b993ca:6cd57385:f95b2d37:9308dce8:8f8d1fbe    169.01 B
    76d47c3f:f6b016a2:60f2366c:d7fe0210:55eb06e2           0
    bb0de28a:ebfd443c:f89b292b:7d8cd896:b584aba3     -0.91 B
    549181a5:70f07718:2d15f088:99193b48:8cd223f3     -1.23 B
    053764ba:241aa669:73bccba9:75ae0566:7fb49b0d     -1.32 B
    962f42bf:92f81710:c9720e95:185339a1:3835e822     -1.96 B
    78d7c362:78bba614:8a48f090:bd261a0b:91d70849    -27.40 B
    235e7104:34b69499:9f8b8f88:fe83e63e:34771abb    -37.08 B
    49172d19:e9ec8cc9:5dd86582:86ac5749:2e834db6    -39.80 B
    0ec03d88:07c97e3a:1313d77d:d9941d57:05c8c85f    -59.31 B

2018/02/15 d400a31d
    d61604d6:af0471c8:4c68ec27:3310ee7b     40,000 L
    bfa04a18:1aa66981:a9549ecb:8bf3c9d2  

2018/02/16 82d0a573
    5960c4f7:88ec476a:28493b8f:71aef3a0:836e4ea9      0.01 B
    81526418:4fdc628e:4852f5ea:2c0ee958:6b3191a6  

2018/02/17 f07da620
    89d576f9:b53dc88c:460dc9c0:8e7d438d      6,000 L
    4baf2b9e:7ebdb10d:fb3cb314:58410d9f  

2018/02/17 e9e635d7
    74edc83c:82d535e1:acfe0c4b:2dec03a6      1,200 L
    3406417b:9f24c318:c158869d

2018/02/18 fc1e7abe
    87aa0e13:e45c9a89:9d686b42:7ec86fa2        204 L
    7273b90e:a38cffb1:c805d634                   3 L
    * cef614d4:959ddae5:e5d53ed9              -207 L

2018/02/21 892b027c
    13d7a351:11096d73:59a16464               9,150 L
    * d4141431:9eea696d:8df23a0c

2018/02/21 5ca809c5
    a342eaf3:18c55d56:b0dddeb2:afac7ecf        280 L
    * d533fa16:3a164c5c:36fb3e78

2018/02/21 a4b277ed
    f46cbf78:e2a26fd8:73fbc96c:31bc023c        370 L
    * f4a77b59:0b256a0c:4cd8c435

2018/02/23 3219db6e
    5d05c2d5:86edf735:a4538d12               2,996 L
    51937913:3676ee6d:3683a0c9:305699c0  

2018/02/24 3c45d6e1
    51d1902e:a8d8ff60:409598f8                 214 L
    * ba465394:9fa12d18:2187c843

2018/02/25 b0a1be38
    * 1b826fe4:6810d150:df9bcbbe:08e09693   199,859 L
    644bf5c5:19cff966:df9c9d92            -231,667 L
    3612ed7a:193ba392:61883eb0:ac591459     -2,900 L
    22e62fb0:fdf421a4:b10919de:4e190be8:2d3d5547    11,428 L
    3785d537:f4f48042:52754cb8:9c371cd9        962 L
    6aacc5eb:c62e878b:4a087479:c6db0914      2,561 L
    709b6c4c:5ccf4c09:04ef7b10:ed3d1c32     -9,000 L
    3af5c5e1:7a6826da:dd69c3c3:a99794f4:f76ea018     9,000 L
    d5eddd35:d35265fe:314d813d:9dfaae90     -1,300 L
    02b57bc9:6fe61bc8:c92431b4:dd5386e8:6d659209     6,000 L
    9e36d9c8:1528da3c:b9a57107:64e64395     -1,149 L
    43807037:1c674fea:87d37c6f:e823a935      1,149 L
    bd7979ce:4f154fa3:db078614:6a48b268:1c5ad66e        57 L
    0272f5e5:4b38f6e4:e6b5c375              15,000 L

2018/02/25 3778dbeb
    cc276699:709ac844:ea20d257:b738139c     11,074 L
    2d86f1fe:04f0a4f6:a8c60cf3:4f2b7885  

2018/02/26 e78ad604
    8c5a2801:a29cbe13:3ccf63da               1,000 L
    * c69e1a98:4733049d:bece80ff

2018/02/27 6b8243b6
    8f6bea43:7cb52204:f74e4327:c83fc911        500 L
    * 7734ef61:0af0ba2a:d427a3d7

2018/02/28 ea945431
    fd484634:351bc4c3:87b89a0e:eb3a90eb         37 L
    8d7b4583:2736eaf8:164e8bcd                   1 L
    * 21497e97:ab3cd9ba:8900bb42               -38 L

2018/03/01 73bcd2f9
    ab565e0b:f1d0e980:a1e34a79                 116 L
    * 5e44171e:18d96d36:9a0a2560

2018/03/02 4020c58c
    * fb0e18e0:a24a996c:e61fca25:7a9ced88     2,190 L
    db6f0ae3:c1b6a268:9d9308b4:3804d11e  

2018/03/03 1fee1606
    71aa33ae:dc2cf205:b7f7c704:19a459b6      2,541 L
    0a84d44f:ce8244a7:6e3d5541                  38 L
    * 7fbaace9:c9e74003:35d2de19            -2,579 L

2018/03/04 ca82350a
    ec4e393e:cd2a28ca:b83bca4d:3e57265a       -250 L
    a9ade5ed:7e675e8a:12284921

2018/03/05 a6bd427c
    8d112acf:3786884b:be8eca9a              25,000 L
    c912c1eb:06006063:6309f333                  15 L
    * 6faa444e:04abbd21:dc046bdf:018ede53   -25,015 L

2018/03/05 f7473183
    * aeabe585:6b173775:bfedb7ca:f84d5f71     2,190 L
    dbd2c263:dbd36fd7:ba6e3eeb:639c0548  

2018/03/05 6893ac75
    * 89cd158f:ea1eb273:64b7e2b7:5a314c11         1 L
    025e9404:7c1de340:ad4cb8c6

2018/03/05 8f0fe93f
    af87c4a9:a6b89838:355050fb               1,000 L
    440cb2d2:f6c62fd1:01968ba7:6493cafe  

2018/03/06 d2413a45
    8e521951:fdf606cf:cc3a1821                 950 L
    * 9190d6cd:33631e67:57d5e645:63633a16    -1,445 L
    c3527eeb:586940db:c171050b                  96 L
    5f9775c6:3246f7ea:b3ec1125                 399 L
    476bf3a5:7cf3c37b:daec2d5d                     0

2018/03/06 3ee493bb
    bc975052:5f19eda9:56fb035f                 275 L
    * 3f7cad6c:2727f556:e0cf49b8

2018/03/07 33a3b498
    * 55a44c19:66f9020b:04d7045c             7,030 L
    * b170f285:e41eea72:008b2ed9:d4fdbedb  

2018/03/07 92a7aba3
    03c9871a:89572f5e:b943b157:f6e5677c        500 L
    * 050b6f98:5bff21ae:b2f3d79d

2018/03/07 5c04ca0e
    70fc820d:6d822c95:d6525db6:2421746f:fedcd560    137.55 B
    b81ec9ab:af295de4:fb5859b7:5401b808:8631aa00           0
    6f3f93a1:18ca7340:1f0f9c4f:7a4fb256:ce1e5278:5f010957   -137.55 B

2018/03/07 d804a713
    e9fa1444:3a295030:d50f5893:ff14f771:39cca413     41.27 B
    5df370ea:3a576a29:9517a4de:1be0da4d:3c5723a8           0
    19206e40:a7e160df:e0860198:0c92349f:89f227cf    -41.27 B

2018/03/07 f1667982
    961a549e:713821c4:a9ee3674:f1ebc7ee:0705ce5f   1.21300 W
    a41acbb3:5bdb9e29:bd530452:ef311804:2d48ad31    -96.28 B

2018/03/08 9ef5b98b
    78af2688:3ad4ec38:5d0a347d:2bb6d374:0031efdf     20.01 B
    87a6b326:3081ddc3:27a4b2ad:7b66d806:6e99b760           0
    b0d5c8a0:2b32e00c:dcdd9c2e:e56d7412:036ca333:da1f1fd3    -20.01 B

2018/03/08 a8e9b4f9
    125b2c3f:1689e57d:02fd5079:93c05cd1:41240a91      6.00 B
    88819f5e:a131a933:1d3dcd74:f3a14d7c:90098801           0
    00294227:8258eb92:68be5342:f586707a:167138cc     -6.00 B

2018/03/08 dc7cb941
    5a79c1ca:37c22ae1:d846dff1:21a829da:b75cbc48   0.48000 Y
    087c0d02:b0f211d7:255c8766:01e3a4b5:45198bca    -14.01 B

2018/03/09 38804858
    * fd6a0ff3:d42e27ec:39903be5            12,044 L
    * 6799ec24:5bb6d9ef:fc457c16:af4bb428  

2018/03/09 36370be7
    2b2d76ce:1fd930e0:ce822689:248aef71     -1,000 L
    c7674c3b:e35226ed:9675c9e7

2018/03/09 033df2ed
    a919c2fe:1274cbbd:f2e882ad:7b6a9756      3,565 L
    * f80d3941:5563df2a:f34e7a85:a53e527c  

2018/03/09 a2770272
    a39ce129:a72b4e3c:a5e8b745:df258aad        146 L
    f11320b1:46617b92:5b01c437                   2 L
    * 1c2ce49b:d42d23ac:a598eb40              -148 L

2018/03/11 204d0b23
    e2e79e66:c4349c3a:a567d0b8:4c4c5be9       -200 L
    bc7634bf:82b02f2c:6241ac50

2018/03/11 b012403c
    0dbe0dcd:168a318a:29c3d1a0:872aee25       -100 L
    a835a778:68114de8:1e6bb6bd

2018/03/11 ddc33113
    48686ff7:625bd1c4:33c48b87:55a4f558       -200 L
    aaf0deb4:908ae611:e7f36205

2018/03/12 0f2db3ab
    a7d4f686:e4b3560d:36a58c43                 360 L
    1fe96baa:cd642a23:b1b56d6a:62d12f39  

2018/03/12 a6df5b86
    70aae99e:12a695db:b2eef294                 700 L
    20ffe732:ae9c63f5:3e684914:bef6b3f8  

2018/03/13 09c45818
    e869f6a7:6c3e3caf:8f4d35fe               5,700 L
    24ff158e:b585cb3b:c1f9ba43                  15 L
    * e6e749c3:dd748351:dd98af8d:b8eb3f13    -5,715 L

2018/03/13 136fec3c
    * ac98d6d6:9145aae3:d98ea90a:2e9adb2d    35,190 L
    24b90cab:e631b36b:45e00855:32eec5cc:015f2be8           0
    c5ebdb39:eb3228dc:df5060f1                  10 L
    e478ba56:e19d0932:2c082c7e:5b920d55:dba23aa7           0
    fa1e9beb:5d860db2:2b0f4625:5d4b2cd2            0
    0c7b033e:08391130:dd9331c7:29ec65c6:29384962:c7ba5be4           0
    55e532d6:87ebf21f:235cb255:6347c321:7ba709c0:83bc6d88   -15,840 L
    142e069a:336001f8:a3e81057:88146e5b:5bdb9ee4:a71632ac   -19,360 L

2018/03/14 4c26ffb6
    * 15d36980:21f9ffe4:89b6c960:6c983200        59 L
    4082a253:12f340d0:a7fabd75:9a1e6800  

2018/03/15 08e3012a
    59077aa3:3a0df6dd:68b3a160                 700 L
    8a88cdf3:70ecdf08:2ce1bd71:b8a54eec  

2018/03/15 0280db2e
    * f3b4bacd:16c6edec:9ee57fac:fe20f7be       420 L
    b0e98311:611b8358:b67c2a19

2018/03/18 eed004d0
    279c59d8:e8b21172:b4bf63e6                -207 L
    50b6ac61:a3dce0dc:b028f238:32554916        204 L
    9c004d2d:301f200b:6cfd5754                   3 L

2018/03/19 08bf9048
    771ac919:16fb5bdc:63b3cffc                 220 L
    ac39d395:a173340b:f044315a:52565426  

2018/03/19 54add3c6
    70f413e4:5ff28eef:19e5ca44                 150 L
    04446cb4:71768a94:0172d12b:fadc5120  

2018/03/19 e7e4c63d
    39f7d7a8:6dd59aae:6aac12ad                 700 L
    e1f0298b:cb582c25:6ee96edf:3b52c28d  

2018/03/19 e508cc2d
    * 6ed1419c:80f3903f:426dbf8a:ab5288b3     1,900 L
    0ba40268:f825cdf2:0f02d2f4:bade587d:1c749ac7  

2018/03/19 7540db91
    * 476f080e:79ea3947:5132d14b                 7 L
    e37dfac0:ecd068cb:f18ff9f6:05a9010c  

2018/03/19 e238fd1c
    23b4b9eb:80c4ec6c:25ad9b2e:da44725e        500 L
    * f4dbd0e0:596510c8:e420e03f

2018/03/20 d9fd6794
    15d041fd:d1ef5ac9:ea18283f                 297 L
    * b295c65e:c5dfa0b3:bafcade7

2018/03/20 a9acadba
    192cd371:86685ac5:1deb599b:6e080105        280 L
    * 97dcdef3:88e19971:96734443

2018/03/20 f853da7e
    8c37bd5e:96605a87:cd51a6d7:72b9e7d2        370 L
    * 8daf53b1:fea885da:91dc014e

2018/03/20 ed5da37b
    * a71a533a:b80c0e5c:1a208067:6f927854      -355 L
    b05d6c9b:f2493330:97551b7f

2018/03/21 5913fe5d
    4a4dea82:a7e82994:7b0580cb                  80 L
    3e053f8c:2b3ae2e0:1199f75d:5f302591  

2018/03/21 0931677e
    765a0729:a5417a76:eacb0796                 345 L
    35b14d9c:57ac11b6:8edb737a:6d55fe18  

2018/03/22 8a8479e0
    5f3f8a69:a181e705:1f0282e0                 341 L
    * 3763a344:cb5c788e:b454e8c0

2018/03/23 fc45835c
    * cc2b1c28:8bc88660:dba0f340:137b466d   199,859 L
    a9675b81:5d4eb5cf:bdea3491            -231,667 L
    89ea5ac8:6be61b5e:2324a616:eaeeba8d     -2,900 L
    6eba130f:11c11952:6c37761a:7a7a974d:85ac25f8    11,428 L
    0dfb4715:c3c18cea:90a35f63:dc279238        962 L
    7809e374:00c39b4b:d00137e4:45e30bc0      2,561 L
    f7f4acb8:c5c605ef:04317447:ea25d21e     -9,000 L
    a0203ec1:cb97e0ed:6079d6f8:9d7a1073:564e409c     9,000 L
    bd547a01:91b04fbd:2d015720:cd556240     -1,300 L
    a4024505:1747bd13:681fb2fc:b1225d2f:06f33bd3     6,000 L
    b829457e:ab8814a3:e73c3558:95aad635     -1,149 L
    3b5b3209:bd2cc045:83b306f1:b2987bd4      1,149 L
    02779788:73e7906d:24cc5681:49fd2c97:30b3584d        57 L
    2a46e894:13e1bcb8:84cd5e9d              15,000 L

2018/03/24 6bc69106
    f1768567:9a1e35b0:3fb0a96f               2,900 L
    fcadf150:78dcf137:e3f3c7a7:b8bc384b  

2018/03/25 707c56f3
    d5f38897:3f11aa1a:a275588e:bd51561b:cb2a3516   6.0000 AB
    912a34c5:8800550a:7dd7c685:ba82c811:5a690386  -6,129.42 B

2018/03/25 7a294f28
    23bbf049:208b24ab:56edb32b:3c0afc04:1a5b6815   6.0000 AB
    221ff89b:5316af5c:e5dae0bd:46b44bf0:ed628311  -6,129.42 B

2018/03/25 207ee706
    f905a74e:62c91e34:6aaae2d8:26c9e686:9b02e789   4.0000 AB
    5c259f00:b1eed533:a6e71561:e725b4d3:58b7dfa9  -4,086.28 B

2018/03/25 ebe435ea
    97f04e2c:8de82a50:8e151508:c27f9081     11,074 L
    210e4726:5a782bd3:12e39532:a368528f  

2018/03/25 e1d377c4
    45192660:1855956e:b9cb9bd9                 950 L
    * ca4922f0:85a6ded5:484ac0aa:7862c0fa    -1,430 L
    a2c6f46e:14547562:077f5581                  79 L
    fa735415:907fec30:07b4ddd0                 399 L
    49070016:cdde6330:4df3fa89                   2 L

2018/03/25 f528aee1
    4054666b:384dd2f9:e47446a8                -479 L
    23171c9d:d403da4c:90a5b96a

2018/03/26 9123bbdf
    cc89edc4:02f81b8a:90827194                 310 L
    * 55b6ad5e:d4ab5103:779ea95c

2018/03/26 23a169e5
    e03f68bd:edcdeebb:9e2396a9                 700 L
    44c7690d:c4428a2f:f32f40c4:7b48d65b  

2018/03/26 12d4eec9
    36ffb128:6d7733bf:6fad45a9               4,257 L
    306c170a:94aec4c5:5f1d4eff

2018/03/27 2665b82d
    68a9a975:629f0b6d:63d683d5               1,178 L
    e05765f5:511bc084:e8ca2b52

2018/03/28 cf810006
    d4058a6e:f54d3be0:5b749344                 280 L
    1f0bf733:22504a6a:2f1c91ce:9c90f3bc  

2018/03/28 ed282118
    3f318b7b:d4d3a4df:f773f901                 340 L
    a3111fe0:ed54c999:7657b057:16b1f2a1  

2018/03/28 dac6491f
    7af16f52:763c9481:739e3738                 350 L
    90e49008:8772b642:f448de67:0b148613  

2018/03/28 3901c796
    ac60c04b:48623970:94bcc6b8:6e8dd91d         37 L
    bb4d46ad:601cf8eb:b37260f1                   1 L
    * dd799516:f0de8964:30b8d79e               -38 L

2018/03/28 7e9306b2
    * d20a2fd8:420e504c:4a6e9edc:2f035158:8e3351a1    152.69 B
    57e078ac:f23fc0b4:c8fcd6df:4bf09b14:e6a5ecac           0
    d8abc1b7:a3d92bb3:a97e5480:bb8e2635:8b157516:b65b5247   -152.69 B

2018/03/28 2c62ab8b
    5f9f718d:a4639a48:80f7a195:87f07552:7dde9c9d     45.81 B
    62edcac7:2dc3f9e1:fbf63d51:f27186bf:c46d59dc           0
    * 46b13e64:17cef665:2df9ad39:f2f3f169:756b89a3    -45.81 B

2018/03/28 7a61b3e4
    * 1597cbf0:9c16e2c3:c9979a95:1bd4296d:5395b01f    424.61 B
    879f5d98:41a9081f:53c9c2de:b9239d1e:fee03a94           0
    756de269:a885184e:0ad19159:634c57bc:afc4d85f:8ffab26a   -424.61 B

2018/03/28 0f67a4e9
    4ae54a64:bb9834f1:fa1bbbfb:c2a100f7:463ac1d5    127.38 B
    42dc1d47:1be24d24:d8d52e38:ce0b803e:bac9aad4           0
    * e7ecc0a9:3866f0c2:948d5b7f:54efa9e0:f74e77b5   -127.38 B

2018/03/29 a6a9c7bc
    064d93cc:fe57a368:78c0e96c:0ad61857:e2f94572      0.02 B
    0d125384:ae399ea8:46db401a:59e1b078:4e9c6d99  

2018/03/30 da99f448
    df2dc0f3:b0859b7c:66667749                 150 L
    37d631f8:b82717dd:073e1dda                   2 L
    99c1115f:f450fdd5:bc9c981c                -152 L

2018/03/31 d37c56f5
    1f1c5465:6a792236:2528777d                 180 L
    * 5d07e347:a816f604:7bd185cd

2018/03/31 44138d92
    1675c270:4e572cdb:dd8940c4               4,622 L
    140e986d:6bcb2c42:b85f347c:9ac4bb4b  

2018/03/31 b00a4fe9
    1a717715:128e58af:0b75ab68:95c9c080    -12,980 L
    68929f87:64ee2fa4:d41d2615

2018/04/02 a4d8fe89
    26968cb6:69e29195:9daa6025:b06e3c06:ac935728  0.73600 EB
    352d1f23:096b8786:4f15cb10:ee56ef38:9dd81577   -106.88 B

2018/04/02 b60fbb78
    6c214204:b39fbe3e:46b29e8f:863fe90c:065144bc  2.21400 FB
    250a5b29:40c41ec4:bf938332:0894e107:f38de51a   -297.23 B

2018/04/02 fe8c4393
    * f1deed10:1b0b5608:502dabfa:d09de061:3c0d84c6     17.91 B
    84498442:befb9756:efa20a97:36d209e9:c677618d           0
    a3feb333:897037a8:5d3fdbc1:e936433b:234ebe1e:cf1464f0    -17.91 B

2018/04/02 af009fba
    b36ae3b0:048b2b73:0ddf9323:76416a59:065a365d      5.37 B
    877f48ae:611da64a:acdb5f09:a14a812e:b1936fd1           0
    * 8e8abb2c:f524adbe:00d0bcd9:fccb449f:638e5d86     -5.37 B

2018/04/02 7966a29a
    b61ffb38:484f461d:00122019:63b464e2:ce206249  0.10600 HB
    f6eda529:4550c324:73bc06d1:99bbada0:1d8e1475    -12.54 B

2018/04/02 f61e6566
    * 1277980a:9d8cb355:2458467e:5c325aa5:e38a3f82    151.10 B
    8b6e76d4:a48ecab8:1bb292b7:ce64ef85:60c0d6e8           0
    a007fb6a:dedd7dd3:1702b749:a820f2d2:b65bd822:9abffae0   -151.10 B

2018/04/02 8cc1e611
    b6fe5e19:508bf4ca:b1d93fdb:3d5eee1d:44b13f22     45.33 B
    6f273f69:b8a18049:05c942f4:ecf35e17:9bba6739           0
    * 8f41f491:750db6b6:ae0954ce:ac4ce022:1c460172    -45.33 B

2018/04/02 9567685e
    9c2a23af:189808b2:9ed1962a:7237e540:490a74ea  1.98000 JB
    bfbf09ec:b1895f72:223c8ed0:7ecf2606:68b684cd   -105.77 B

2018/04/02 8c80f170
    * bea3bc07:351fec1e:809b8b91:dd40d6b5:82a89e02    103.99 B
    d842b36a:20ad773b:dda0242c:a8a9c3e6:17ecf6c6           0
    ec48aeb7:8dd285ce:e1de196b:11ee3326:c5245c71:d2bd4179   -103.99 B

2018/04/02 8447f83e
    978e1ab0:9c6d78a4:be44f8e8:27fff3e1:dc0d266e     31.20 B
    017a486e:882df921:81f77af0:f7ec0a3f:f74937fd           0
    * 62be2f12:c18dfb00:cbd7f6dc:26054969:1197d2c0    -31.20 B

2018/04/02 488efe18
    3eeaaffa:4f7f187f:dde02966:1865c949:0cbf9bc2  1.57800 LB
    5cb9301b:bdc71cde:7268e257:78bcbe89:42fb8aec    -72.79 B

2018/04/02 92e2e4f6
    * 701eb946:f951d7f1:4f3a631d:cadb56f4:39a17a0b    384.05 B
    7ae4c05e:2ca45249:10c9edd6:adc766c4:285e3e54           0
    4c38f00e:1c533451:aa053ec1:6f05ac5c:31623116:85886864   -384.05 B

2018/04/02 8852f63d
    9bda1c03:83eddb06:96052f02:01d972c2:6e97bdee    115.22 B
    87a77c8d:b2d3bb48:95f63f01:8b829d75:db05e03f           0
    * d8064b1d:f190b4f6:e985e659:d976e65a:d73e25ad   -115.22 B

2018/04/02 d64999e1
    0c6bb44f:a903b3d0:3d15d20c:47167c2c:deafff11  3.60600 NB
    049e868b:85a597e0:b37767ee:720f0dff:cbf6095f   -268.83 B

2018/04/02 dc064f34
    58d8b07e:f93106d9:75d04f6f:092010f1        500 L
    * fef84be6:d0eae554:05d56f3a

2018/04/02 7afebd2a
    636ff0e2:244554aa:a684bb9d                 700 L
    d48cedac:022cc534:db07b23d:63600bf2  

2018/04/02 daf817d7
    * 8bd1b445:56f6f65e:6f4ce3d1:f90aeba4     2,190 L
    fa1b09d2:3d0bfc2b:7eb1ce00:87532c73  

2018/04/02 e5159f71
    * 160a8adc:908a380f:e71e8809:3c784250     3,286 L
    5e69ce48:e780963a:461c27bd:8b6bebb6  

2018/04/03 60ad793d
    96a5a780:49f58f7d:c5e72958                 116 L
    * 8b41dd3e:29035c87:877083d6

2018/04/03 d638431f
    3b02927c:88033d97:b9d5ec05                 490 L
    5eb512e2:671f72c8:f582a9d2

2018/04/03 80c9632e
    22a5fe7f:8ec03eda:ec8bbad5:97ae6370      2,332 L
    f521661f:22680401:2a49021e                  35 L
    * a29a832b:5b3a7a9a:28f5e740            -2,367 L

2018/04/05 7c4336e8
    31fc69d5:8305cca7:2edb6e29              25,000 L
    5aae2593:8687659e:280cf8be                  15 L
    beedab9e:85d5030c:8526c8ac:0a69c3d8    -25,015 L

2018/04/05 187d1250
    b0b42bdf:3c1938b5:3a8dab23               1,500 L
    52dcddd2:d3722da0:90c4907c:2c5dfa87  

2018/04/06 0f849ed0
    * 9a591d93:d96ac38e:43ce2ea5:dfb27e3d:8e1fad64     15.96 B
    f3b499b8:a0a8057c:1f721d1c:7c7c3770:329decb7           0
    10fc408a:f37cd1ed:b2043e2d:bfbe204d:d9650d2c:6f03d756    -15.96 B

2018/04/06 c8b21432
    9840e216:b62d3f7c:b6459090:5d986c2f:3f563a0f  0.20000 PB
    fc8d93f3:bd3a466f:ef23c124:d08825bc:7b765581    -15.96 B

2018/04/06 d3a13ba0
    216099ad:a241d1ae:834d2f8a:71e1c273:20e50f02    150.80 B
    a1f42bae:93993f7b:4521ddc3:80157add:6aa9ea8f:e9858072  

2018/04/06 2654d557
    97e01d33:dcc99e9c:f807568f:271cfefc:4b085901     45.24 B
    797c0cd4:0d1423e7:4d20f28c:96a86897:4d184943           0
    d80004aa:9f1df032:dd09b7c8:08a62ff0:b0f67a5b    -45.24 B

2018/04/06 a498e9d3
    c82a06af:b8572804:eec5dd06:169d8414:6139b2c3  1.32500 QB
    ffb578ef:1f85fda9:50bcd440:be309f96:6bd5530d   -105.56 B

2018/04/09 9639e1a1
    46f3ef77:8a87661a:1f193c1e:782d6e2b:ab3d2aa3     20.25 B
    31368f52:ce4e75e6:e5ea2737:3f9eb7b4:5ea5975c           0
    aa4cd48e:3894cd8c:cf303dae:2814cf83:014a0236:bc2f8daf    -20.25 B

2018/04/09 f90e62c6
    fbb6acee:ff2b8721:17756ca2:b448a14e:75a4a548      6.08 B
    36ddc854:81064ce6:a0bcaaf6:107e58ce:d47d2f8b           0
    6bffcbff:16e5085e:03fe1a08:3cfaab42:b7297ed2     -6.08 B

2018/04/09 f3c8b9fd
    292145af:809c22c7:6fe9267f:ca45de46:57448b62  0.48200 SB
    b35c3e3f:840a3212:98297441:89d1c1b2:97cc9737    -14.17 B

2018/04/09 520c1d81
    ce3b8b5b:7ac01c4a:05252368              11,023 L
    d66243ce:132e59db:2d8526c3:d3ae6813  

2018/04/09 738fa800
    f59e56ef:17987e30:9ffd9ff5:99c9e8af        106 L
    e4887b83:06667fe3:f7f92557                   2 L
    * 0d8d40d3:26443e19:78a852c8              -108 L

2018/04/09 3808df3f
    2537da4e:0d25e3a7:1aac5503                 440 L
    8e852171:dedc0fbe:4ea48edc:18fb05fb        560 L
    1f46c888:0e71c50d:092d6eb2:cb2d55ee     -1,000 L

2018/04/09 503fc283
    c34dd9dc:f26a4abf:64eec13a                 352 L
    * 323e3894:198acf54:30f82c99

2018/04/10 171456be
    cbefc5da:519b4840:08c80d45               2,490 L
    f7bc135a:8e6e7ad8:50a192a4                  50 L
    d4c8c22c:7aad0c65:e38e9b5c:2ad49d98     -2,540 L

2018/04/11 bf807339
    ef9b0290:708780e5:94f4898d:ec8539c8      3,000 L
    4eb66f54:950a1f3b:fc85c03b:176ee0d8  

2018/04/11 0c9e06f7
    9f02940b:c981c1bb:6d321dc2                 170 L
    28df8e9c:c04ae4ff:4df9ec17:7860aaa0  

2018/04/11 4a6494d0
    f4e36903:aac389b9:6ba99788:f71d24d5:3090187d      0.03 B
    28dec764:f03180c3:a128ed24:1c369967:fcfed475  

2018/04/13 c5f5491e
    b9519348:78829cfb:e8d4420e                 476 L
    * 454f2f46:5733836b:1403f9b8

2018/04/16 651206bd
    de731beb:49597036:0d116e50                 700 L
    6fc16449:d2d5c189:b10e1df6:cad0c378  

2018/04/17 f9b7dca4
    a94895b0:ec22a1a7:a78f00b3:2fb61e89      1,500 L
    87ae1c8f:aa419c7b:80f27b6f

2018/04/17 f07e329a
    754b1fe1:9379f5b2:05a6eff3:5fafa3f9        500 L
    * dbf0ba9b:3be5eac4:5b41b246

2018/04/18 153a7760
    * 0b4665a6:0b9a4649:3ccb3bb2              -208 L
    bdb0a78a:773e620f:9ca812ea:542b6cfb        205 L
    427e7b20:0c1c83d7:e9e9edd6                   3 L

2018/04/19 bcef75be
    * e79dc8cb:4eb5c3de:bb2210ea                 3 L
    cacb00fe:a56c04a3:d904f374:ec35f378  

2018/04/19 6d395cc4
    18dce1d9:0257fe65:e4bbd83c                 170 L
    * 6517e453:0afd49ba:5d174336

2018/04/20 760c24b6
    c12849ec:b933ae67:bf3baa1b:98c5dde7        280 L
    * 7da79d1d:346ccbc2:a17288fa

2018/04/20 106590a0
    5035851c:17e1b93a:fac3e584                 630 L
    * d05beed9:ca80b85f:7b63e9a6

2018/04/20 779d9ab4
    45768cbc:41e7b5c0:c6bdc980:7a065b93        370 L
    * f34861a2:7318baab:5de34b91

2018/04/23 8597fb9e
    bf223cf8:328f8da4:c9f77206                 236 L
    * 5b2aa4e8:fe1ed63b:bc0c43f3

2018/04/24 e2db0dd1
    dacbe4e0:064fc138:414ae909                 396 L
    * 60ae5c98:a33397af:65f85150

2018/04/25 bbe19ba9
    * 8c405e95:f7021e55:2d7e4c33:f243844e   199,859 L
    7fd5c455:484fc6d5:f5315cb5            -231,667 L
    2fd7cc9e:3dcddba4:336faf83:8668f4c5     -2,900 L
    3e0812d9:1972350c:d90a7a3b:13bdfee9:b6f3e885    11,428 L
    07651ea7:7562caa4:596177d5:726d1331        962 L
    b773b3bd:18d220f3:d4f74478:67d87a18      2,561 L
    05fca9f7:d9cb4c3f:802fb4da:05ab1774     -9,000 L
    2cb9f354:3f3ad803:2d526da9:343bd2f1:9d2ba9ee     9,000 L
    7dd287d4:36b30fd1:b4b6ece5:38f4a081     -1,300 L
    9246c2e7:35589368:f4168581:d3248c23:d43bb6dd     6,000 L
    9e4d77fb:217decf6:b95da83e:b9d64148     -1,149 L
    2cba175d:f8541bc4:a919f892:871418ff      1,149 L
    83167a02:ae18eb63:56e3734f:d7c0ea72:c493a524        57 L
    134a447e:21a1c4ac:8fd0396f              15,000 L

2018/04/25 5bd6f0a0
    7a2a79cb:3376a57a:37f84a86:bb6eb702     11,074 L
    7cb6cb8d:42b89fd4:ba0f0446:ad142e64  

2018/04/27 b60d3cad
    9a127ae5:a5f3dce1:476351b4                 950 L
    * ee6cb4a0:4abbd54c:55194a82:40b3bb02    -1,567 L
    8fb63651:408e4dd8:dfba74aa                 108 L
    745fe1fd:5aa8faa2:e8b155db                 399 L
    c1ee2950:a49bca9f:332fb40b                 110 L

2018/04/27 708fb3ab
    00da5816:8593c021:735fe4f8                 100 L
    e34bcde9:02d20fb9:1d9aa9bb:7003c526  

2018/04/27 5f743485
    107d68e9:d1a6b1df:349f07ce:c4d18e7d:6b4dd8bc  4000.000 TB
    33f002c6:af2276d3:cc33c6f3                 450 L
    * 60995e73:d143ed97:261df3fb:51c0588c  -316,450 L

2018/04/28 e71825eb
    f64e4fcd:6dc93923:a7b82b48               2,200 L
    019577d8:1288a4a3:5dce3178:bad5c734  

2018/04/28 26ab56b3
    d6bcb470:14db37be:2b760a33:294852d0         37 L
    9fefe100:ab891d01:e4259b30                   1 L
    * 0eb1c524:9e0a378b:74a30140               -38 L

2018/04/28 d17095db
    3c588a9d:bc69d66b:670b1f95               2,156 L
    fe8148d5:84ae7749:9c921744

2018/04/28 991cbab7
    58844b57:1ea39a4e:c3c846d1                 314 L
    * 1ea17c57:cbdcbdf7:2d8c0c28

2018/04/29 baebd440
    e07d10d9:606b2bee:66e8f69a               2,680 L
    bba43b3f:f6bc089c:93155691

2018/04/30 ac4d13e6
    * b5eda3d2:823bcdda:d532450c:ae6847c2   316,450 L
    * e23b116e:10c3fbbb:dc75827d:1351da1b  

2018/04/30 21d88ef1
    7013f896:b4ecf0ff:b5c82e99:5a6da820      3,000 L
    2cd57efb:0e45083f:11debda7                   5 L
    2876de40:55af3b84:3c72d303:bea26c76     -3,005 L

2018/04/30 e49cc981
    1d4128bf:a8e05d76:ce05fef1:193921f3        500 L
    * f2a3ad91:bafc17ef:95b0acc1

2018/05/02 953df306
    a1740375:eab22e24:acf4db5c:7621cf80      1,438 L
    9c638530:fba1ff55:30d1f704                  22 L
    * ab372fac:4995cca1:1bebee5c            -1,460 L

2018/05/02 91f90fda
    cd44d97f:f803fda0:9addf339:d385e001        149 L
    a3768293:fc3a917f:d1685958                   2 L
    * 870e9651:999256a4:f07738d5              -151 L

2018/05/02 4b453b90
    95d12ec9:94bdaab8:0adccd10               9,926 L
    50fae9dd:43ada870:82a30711:064dc7df  

2018/05/03 0f35af88
    35b1aa0a:0dd80e0b:2fd123c8:f45af87a      1,000 L
    efba7743:4bfd6b61:54179d7a:e2ad1f51  

2018/05/03 2fb0fa68
    436b6959:57186501:602dc788              20,000 L
    531de101:072c434a:1c479111                  15 L
    dcbb2999:6374246d:a25f989c:0e41d1a0    -20,015 L

2018/05/03 5e2fe90a
    ec159a7f:0a25b405:51d42c4e                 314 L
    * a99ca703:2dfa1b82:0803a87a

2018/05/05 a4b42ed2
    c73e6532:55753d29:c4dff8fe               1,000 L
    e5ca0694:90aa71c1:0d7d6a66:21d7710b  

2018/05/05 e1b17b81
    f70fa2e8:af9b334c:c5a05ff6                 500 L
    0378aa04:e1734d6f:2cf9ac87:3430b4f9  

2018/05/05 c761f9a4
    a3bd15ba:1ba04f9b:f611d55f                 500 L
    ddaea633:64b42f84:0a30fd32:c596120d  

2018/05/06 fa7f0a36
    355e11a1:84afbabf:518fe3e9                  79 L
    b78dabc0:7a422239:c8d596f5:f7b57f26  

2018/05/06 4518b430
    6a0b75a0:4d7bdd93:81e70985:4a2e5d27        500 L
    * c62ac6fb:f34ad992:c746a800

2018/05/07 01c8fe6d
    ef3fa4c6:82f2e1f6:9a90ab21               1,350 L
    46117fd1:0b5a3cdd:e4bdd359:a2f0c053  

2018/05/07 b629cf29
    f19a60c9:6d4496dc:f028b4ee:ac9c67de      5,000 L
    a73323c6:f00c2a86:7f8aa521:7d58190f  

2018/05/07 1b3ed2fb
    f2efe1eb:9d01d0c1:db3786ac:91abb5b2      1,000 L
    3d42f5ec:d8540f7c:34de91e5

2018/05/07 6dd6f090
    a372f46b:a73ad7ce:b73fc890                 227 L
    * c014f403:a2791e1d:6415b33e

2018/05/07 1ba1c991
    3dca2776:c1ffadb5:8da3dc57:6acfb6ad:095658e6    148.86 B
    a5203882:d5c142c2:9a025268:eeec357e:0f29fb01:b7f78641  

2018/05/07 3414ee98
    bcc35244:8803ea62:dcf5ab6e:9aae513a:4994de22     44.66 B
    4ae8a4e6:0ba989b2:ca0eb05a:d3059c23:f4e39d00           0
    8d6ae219:4c9b9b20:628c43ab:eebda98a:3edc4374    -44.66 B

2018/05/07 b6a55af3
    e23d61cf:9f7ea600:f2fbd160:db3de7f9:33359f2f  1.32200 VB
    015e630c:4d10eb0f:ef5e8338:5b8c4899:ed63b129   -104.20 B

2018/05/08 a6cedbba
    7659fe34:69280e1c:8fd40217:c0a68f32:cf016b04     16.65 B
    004a8a75:67a8f6c5:521b0c61:25895430:1d48c069           0
    a7f29964:ccab71a8:079dfa12:bad3f7fa:0d30a2bf:3fd29db2    -16.65 B

2018/05/08 5de34337
    15394f1c:fde0132c:133d4fa9:021fa96a:399e3a28      5.00 B
    9938f946:0d8d4bc6:18daaa7d:2df7a0ce:0fdbdc8d           0
    45ae1d40:a34c5cf2:2b3fdb17:7b092061:c9c3ee5c     -5.00 B

2018/05/08 fefd44bb
    29d1f487:7e93ae99:51729ee4:93460d6d:b75e6b09  0.41300 XB
    4587b730:f1afb5e5:d3f9dfc0:90f2439d:919562c4    -11.65 B

2018/05/09 be7d4f34
    1478fb90:90d730a0:03a45916               3,069 L
    adab79b5:85326a4d:2fdc1399:261c2d93  

2018/05/09 d90bfb1e
    df2b1e14:d027ab8c:94505d5f:72d06a09:4278beed  1,000,000 L
    c9b05952:62de0fe0:cb8b49b2                  30 L
    da299cb5:76576d74:72a7f669:f7266e98  -1,000,030 L

2018/05/10 04eef12b
    3e044968:328fc93e:a983b111:ba484630:b41e86f8      0.03 B
    a5c84fa2:85316209:210e427b:218ba98b:a8dd9ceb  

2018/05/10 49b8ef74
    fec636b9:207b00a1:7dbb9254               5,000 L
    569263f6:36a83ea4:3f54b740                  15 L
    94a71c22:90164559:145050ac:d939f6e2     -5,015 L

2018/05/11 330e2c94
    4525ead5:6e8e40c3:a95b1d7e                 310 L
    f8f2df87:2afc1e26:ffd00a67

2018/05/11 7ee1ec17
    93c998d7:0d81a152:d49ddbd2                 122 L
    * afd08823:f2101b24:7c413b9f

2018/05/14 39b82d21
    a6cbdf5b:d4320123:9a20d878                 150 L
    b73a0509:95410be4:281d1661                   2 L
    585e7bc4:1c1a0da1:d46df328                -152 L

2018/05/15 3b7794a1
    * 90248b56:973a619c:d3e2c71e:27395417       270 L
    b845fa8c:93216237:1649939b

2018/05/16 c2d9c1e6
    34ad6be9:7a8ddf2b:155622c5                 341 L
    * f13b0aae:8fd1cec4:f5ab4754

2018/05/17 59d569dc
    * 455702eb:fde59b69:ad3a1471                10 L
    f82d7090:beb3b1e0:8b8c8519:fd802b9e  

2018/05/17 51a8aa3f
    f40aaa8a:72eb0247:fe1e9855                 495 L
    2ae58563:ecea92b8:8e56fa2d:01a8420d  

2018/05/18 3f78a8d7
    89be062f:b532dcc8:fa3e693e:796fdbde     61,663 L
    59b97544:fad9eba5:b48e8baf

2018/05/18 e964bcd8
    7bce3a50:a7fe88ce:d53d0561:0247cb00     40,000 L
    5195a00e:6d6f6165:de975ea2

2018/05/18 51dbdec1
    * b0b4ad28:748b1ca7:47f0ac6d              -213 L
    56642412:e9a5c66e:481db7b1:19c6c901        210 L
    5b337eb3:cbb1dbd4:4c90611f                   3 L

2018/05/20 c6aa2192
    07d5fb34:4937d50e:2c7d6f17:20383b02        182 L
    48ab5315:ae30d1cf:6b591b00                   3 L
    871ba801:34c76094:98118257                -185 L

2018/05/20 d8ae2340
    5607ddf4:7ef2ce24:869653bc:7a5eafd1:aa0fc7f1   986,168 L
    * bbf5ef41:778a391b:33e67aea

2018/05/20 b339ed15
    * b7709cff:6c39dd23:d8d37ee7           986,168 L
    2852bb0f:d21c9f14:ccacb0c8

2018/05/20 d0296739
    565be8bb:ffadd8cb:b3de0aeb             164,363 L
    * a5dbb53d:a522c2b6:40d92b13

2018/05/21 de98c8f0
    b81ec543:d2ff01b0:a1047429:fd4975c7:8e722407     5,191 L
    * afc9fc20:1128b350:f06d097c:51c3cbe9  

2018/05/21 796a9250
    368a5381:77513d9e:546d7548:99ccbabb:3b2cea27     5,605 L
    * 137ecb89:99ab2546:0f8d418a:3aa0c0a2  

2018/05/21 d9babd8f
    a19bc855:ce936237:bcb860f6:3279ecca:cf82dd17     6,289 L
    * b5779233:7f9de5f8:dcb9a4a6:e48aa7ef  

2018/05/21 b4a82e5e
    bf5fd616:6645f833:6472e531:e1c4ecf7        280 L
    * f464b382:01726641:77f6b5fe

2018/05/21 c696bfc0
    36716ef7:b275f21d:79d09ecf                 630 L
    * 5db3d3e4:daac5a6a:53b4003f

2018/05/21 6f7e428a
    8e2ea209:3bcb4e30:6a92c0ed:2f15a780        370 L
    * a87200cf:52776154:00d95642

2018/05/21 63b9daaf
    f471357d:e54ce8e1:1b2c7252                 198 L
    * 24be4561:7e7dd8e0:5b71baa4

2018/05/22 56ad219c
    0fd2e7ac:b7d5ddd7:ffc2c314:0a7a6055        500 L
    * d347435a:7190fbc3:410fe537

2018/05/22 8392f63f
    9bda4123:4b5326da:c997e950                 556 L
    fb5ab25b:ba8a2b84:1ca66644

2018/05/24 a124e0fd
    5d412862:9f74a588:9898666f                 205 L
    ccabc92a:4d30b834:689e4a07:e456dcf6  

2018/05/25 fc722c9a
    f6a198cc:a018641b:7653b288                  40 L
    * 6a5b2e6b:7e904c5a:fddd72ab

2018/05/25 5d323650
    84a3775c:1df51c29:786bf8ac              50,000 L
    1fc91ffd:c3d9f1cf:3be465cd                  12 L
    86db398d:a71a2b90:42676eca:efe15bba    -50,012 L

2018/05/25 470f5a5e
    * 33729b8a:b55333a8:eab5b6b3:d6ebc014   199,859 L
    b664b5e5:5811c7b1:deea57a2            -231,667 L
    b294d5fa:9d37d998:71e602b2:add70e4a     -2,900 L
    0901e37e:7862ca3b:5cd08f54:550845ff:7a55646b    11,428 L
    6c4189e5:b404c67d:9ec2429f:297e5c44        962 L
    31218873:f4f3eb8a:8131f5ca:67202f85      2,561 L
    468ed440:17584dfe:5bd105d9:a0e4c1c8     -9,000 L
    31fa3798:d2452e09:ff720826:8d578e0e:9242236f     9,000 L
    beff8066:3f370690:08e8f389:3f7fcb58     -1,300 L
    7111c503:0ed76e04:6318f765:2cbcf3cd:83cafb8e     6,000 L
    774c36c3:0960a894:6883c626:566b83ec     -1,149 L
    ee49d183:0b86d425:bf9993a6:af98f62c      1,149 L
    4bb9e80b:338df557:829cba7d:8499fb98:cf9c37d1        57 L
    0b749a7f:013cc6de:27460896              15,000 L

2018/05/25 e1d29734
    3c5a0d30:9879e139:bd9ee5db:b0a8b161     11,074 L
    232b8420:bde82129:3ce02de0:ecbc5b6d  

2018/05/25 a0f67964
    f6249cc9:2d5c3952:234bd2a1                 500 L
    a1c21014:a1eee127:a10f216a

2018/05/26 7470a6a2
    7065507b:15e25554:f82ebf3d               3,251 L
    121055af:578b16a5:dbc05e09:a546c600     -3,251 L = 4,975 L

2018/05/27 501c250c
    2b07933f:5aca0b51:71a1fb10:9912c20d         37 L
    a95b7259:14bca18a:b659e110                   1 L
    * f9369572:fdfd448d:c283afd0               -38 L

2018/05/28 ae164de8
    3ba7522e:a4e3b47d:2042d900                 937 L
    * 6c2fb786:64ace778:a7928e49:4789720e    -1,504 L
    7f487148:51f2e158:ed3422cb                 167 L
    54643eda:882b26d1:37a95337                 399 L
    d8f51514:24007abd:30bdb9c6                   1 L

2018/05/28 f4c3e80a
    dd57faed:ebfa1a64:95a1f700                  10 L
    bf373def:7d702184:05916bc2:8ec0d577  

2018/05/30 1932657b
    62b4e9af:34247e94:3399b948:5ab6266e        500 L
    * 2efef17b:9115d8c1:1012894a

2018/05/31 952a4cb6
    bbfe2b71:6792149e:688bb8e8               7,973 L
    8fcf298b:da2d1ca3:e8af9c08:906f9975  

2018/05/31 ce80e2ca
    ef443492:65fb94e7:f71f3bd1                 220 L
    * 6e5fc0ae:74a30692:b70a1031

2018/06/01 68e037d2
    * 885ff9da:553ec1a1:ccf3789b:541ae3b4   505,477 L
    6afd0077:8cb8632f:3596e1d7:f803b313   -500,000 L
    82cd1a69:9ae234b6:11226c51:f5bddb1c     -5,477 L

2018/06/02 fabad24b
    ef770d9f:a5b8f4ed:45ccdb15:8edae914        149 L
    1a73f25b:07927989:20ca7de2                   2 L
    * 49017c9d:3a46b22b:3eed0edc              -151 L

2018/06/02 b8782aef
    8137e814:c5b02062:9fd01557:588acdbc      1,470 L
    569c7f8a:8c5eea17:f0940827                  22 L
    * 18e34b4f:2d2dc5fd:1ce991af            -1,492 L

2018/06/04 1656d3f6
    0f79d1b2:a7a367df:2efd070b                 200 L
    * fecb1435:b752e129:830423e3

2018/06/06 aa967d33
    f63124c4:7609b71c:de02e31f                 169 L
    * c678e162:ca2290a8:d490731e

2018/06/07 8581befd
    a52054be:10f6fe59:4368f822:f0729455:98b0217b    154.33 B
    885f4aa2:555c2c5f:97eb8ddc:2ac52bf3:0b141243:80944d0b  

2018/06/07 1ad11680
    2cbf897a:9e292d7f:b39186b7:bf7a10ea:3d49db91     46.30 B
    1ff1387d:bbf87077:2c4ca179:a5f85791:383fa6e1           0
    f4347c57:0e33c3a0:e7739855:9339a7b6:36fdc1aa    -46.30 B

2018/06/07 447cdb27
    e0298072:67d0b475:183cf6fe:3b8bea85:01e3e936  1.37000 ZB
    9d2f2fcd:25675009:9ddd5198:39a49a7a:eda0ae99   -108.03 B

2018/06/08 4419ee5e
    09254b91:aa853e09:a158e45f:c6584c5b:6d2348fc     19.78 B
    137102f0:491bbe1d:d05a33a9:5ff1caf8:eeb61a1f           0
    c7e2f581:7cbe3026:d0c7fb94:9dfd51c7:46d06412:94ca7291    -19.78 B

2018/06/08 df8817f5
    1c663a6b:e0cd5ce9:5120725f:f207cb83:64401965      5.93 B
    e6347677:770a345c:c09dc00c:e0db98cd:698b8f41           0
    2b2102ef:817ab705:3e9c6da3:0748cdf8:fe652ec6     -5.93 B

2018/06/08 d1f14af4
    f8d18572:e61aeb8e:6b094869:06ab7535:1a78dd45  0.49600 BC
    aa27422b:15ddc9c9:b87315d3:1090a239:797a5a7f    -13.85 B

2018/06/08 1e633c41
    e978bac4:357f6ecf:665517f3                 297 L
    * eb722f8f:1ad3a4c7:fdf32654

2018/06/10 c8513f5c
    50069b77:80f184be:03b7f13d               1,439 L
    6441fe72:10a73030:5be8c9c4:33bdeda4     -1,439 L = 3,526 L

2018/06/11 a3b52ea5
    fb50fb38:91ce025f:69f7b948                 341 L
    * ff789236:5a6f542e:b63aa7dd

2018/06/11 fb27808f
    * f9f81703:20090580:521ad3e7:bf9f50e0     2,000 L
    8694a587:0b8713a3:19d488b6

2018/06/11 ed426851
    b6ae2651:2b6d09b3:ff54a1bd:b038b881      1,900 L
    30cc9b58:769e9810:9f2fd482:e315a6b4:aad816ad  

2018/06/11 19dee7a4
    3ef702b6:db14a77c:95788e2c:4134b85f        500 L
    * 5fcb9a6d:a056d6b3:47c762bc

2018/06/12 393c5da1
    2db41270:9096f204:142ad1b1               3,610 L
    41ad1add:6d6e2291:8d4fc75b:8f7e6645  

2018/06/12 44f946ad
    20c99be7:27463ec7:394e16d6                 238 L
    * 97800b74:6838ad61:d04752c3

2018/06/12 7cfa428d
    37505e7c:0ec2a9c4:1bfde8f9:05fdc0e0        280 L
    4903d7ba:8bc9a79d:6a43cc7a

2018/06/16 8573091c
    0575f9b9:ecfe3a47:28290cf0                 508 L
    456310f1:20987b94:bf140dc0:083470c0       -508 L = 3,018 L

2018/06/18 4e7da23b
    110ca0fa:8574f9ae:24ca1963:f1467c16     61,663 L
    93afed33:2f53ca70:30e8ce24

2018/06/18 82e5c735
    b3adfe46:64c3d06c:4211238c:9fe32423        211 L
    d3bf26e6:4b1a7a4c:8afc047b                   3 L
    4688f38f:0c1012b2:ed74bc19                -214 L

2018/06/19 d43647f0
    * 918c21d2:50eabe4b:bf5ff25d                 5 L
    4af0bdde:c8cfd951:f3a4f00d:8fa596c7  

2018/06/19 15c89364
    18d8e72a:6e7266c5:50d3ffe5                 150 L
    a520c89c:bdf07c04:45e2232b:38c30cc5  

2018/06/20 7f7d3e12
    d0b38823:16a06451:833d49e7                 630 L
    * c4ec8629:82f29756:68d2d0d3

2018/06/20 0dce023a
    0b81b92d:c76bb608:f3b7c2ba:56c3eec4        370 L
    * 442d8556:ffe226ce:df1bc061

2018/06/20 ebf3e14d
    dc38eee5:09484360:07bfa0f8             164,361 L
    ae90e567:f4a16c12:ffc037ab

2018/06/20 f408a289
    9b678a82:487d7c25:5bd85667                 264 L
    * 6779e38c:623b15d1:2f4650fe

2018/06/21 04d11fcc
    f71c0617:12cd75d7:98996d85:beaddf62      1,411 L
    008347b9:bf860dd9:1e0da049                  21 L
    * 952aef40:8ff4be4c:00448a64            -1,432 L

2018/06/21 8e7ce493
    a03171c8:456b4443:3cd27072:037be8c2        110 L
    ad177841:ee4be1cb:2a37b84c:39f396c0  

2018/06/21 ea244497
    c0f056a8:e023f636:55fac2b4:e28b1d7d         19 L
    33ba8458:78e7eee0:51ef98e9:167f8d26  

2018/06/21 e18deb64
    c877b0da:436904db:2a729d05:d6a4be45          1 L
    be364408:f26067e8:d7278b65:bb2f2b03  

2018/06/21 49635086
    f73b113e:0cbc4f54:cc323090:9d36369c      1,304 L
    eb7e774f:a336d237:8ef97527:75dbb006  

2018/06/21 a5e758ce
    a3323825:8821826d:db030763:dfb98d3b      65.22 B
    e3550457:ec2f5e52:f4d4fcd6:2b9683be  

2018/06/21 89ae1bf2
    2091a5a5:85d6d1f9:12aa293c:e82e8140         44 L
    ef6795d9:de56cc5a:8a8acfe4:60245afe  

2018/06/22 fe759400
    * e7a4ddcc:c70c61e4:5fcb198e:5d7af2bc:a3df4242    400.61 B
    6f84a92c:516cea2b:ac6c2755:5d86f133:507a86ee           0
    f210eb2c:836963a7:157f97ce:2648d497:ac98184d:be11a93c   -400.61 B

2018/06/22 55b5ef7d
    749bc8d4:e0a12445:e0558417:283d7594:a5dd4ce3    120.18 B
    112e6423:f7874925:362b3e9f:ff5ac89f:73bc7db9           0
    * ca5e0cc1:fef96073:e61cc360:20e12e95:5c30df00   -120.18 B

2018/06/22 57711663
    9840397f:9d029d6b:bc0e7497:474d021a:7924971c  3.48400 DC
    7656543f:90c35ae8:1f447ac5:bc8838a4:8a7c8b6e   -280.43 B

2018/06/24 fcc888cf
    a6e208c7:77799da9:448833cb                 127 L
    b090f000:4b4a9bb3:fa3dd597:35bf4cfb       -127 L = 2,741 L

2018/06/25 b15a41b0
    c1b95510:b11a7bef:c733cfc6                 500 L
    96aa1ae2:a0c08431:8f8f84e9

2018/06/25 6b5103b7
    * ff832dcb:e93d04de:06117600:abf42710   199,859 L
    6639b003:ac34cb00:c456a309            -231,667 L
    5f3bcef0:8a00826b:c945f15e:e8f5e138     -2,900 L
    3b61eba0:78ff8bb0:daceda9e:259fae89:71e31253    11,428 L
    cbeeb9f2:342d7070:272d0d93:f93e85b2        962 L
    cac3b2be:0b616f58:67d356a3:4d0de159      2,561 L
    91f4dfa1:3dc32cd6:2cea5829:c5aa6b86     -9,000 L
    9bc37b9e:e2a255dd:de560294:0b7c84e8:3ae26c30     9,000 L
    0b3d7486:761f82c6:86788a01:aa4cd21e     -1,300 L
    d47df80f:b7970c19:d22f28a1:dfa91d20:14ef22bf     6,000 L
    d1107a27:70378695:27c22455:5983cfd2     -1,149 L
    361bef5a:ad7b9f3d:fcbfb973:b637308d      1,149 L
    f1e6726a:4e0e8d68:882d3ffd:2de5e972:536f5f7d        57 L
    e85ff99b:be2c9130:d1a765f5              15,000 L

2018/06/25 1eee8329
    cf158aac:c8a14acf:3f001144              50,000 L
    2c33b057:f3e38041:d0c83692                  12 L
    c8659a7c:7263baad:d1a85666:ba131db8    -50,012 L

2018/06/25 03af1658
    c88f7035:9f872fe0:41616b7b                 170 L
    f644fa19:92f34e97:6255dad6

2018/06/25 b95844ef
    11c15b69:1a0aa710:e09ded8a                 175 L
    7fc8696e:4dc4dcfc:0e2cc415

2018/06/25 6a18459b
    2cf9c143:600e7c3c:e111c011:7a122f1d:f7727f2c   6.0000 EC
    dfa1f248:1942de8f:38112779:9874a8bc:d46ef106  -6,932.88 B

2018/06/25 b046878b
    cd6a18c9:88737375:cbdb7705:f45cb44f:a56a2eae   5.0000 EC
    92d1e013:a66a2a5b:7b0fa995:2f27b020:af5babbd  -5,777.40 B

2018/06/25 c8ffbd26
    350a2e19:c1dae2c4:1338d6c4:3b8e4b05:819c7c00   4.0000 EC
    4dc17728:48fb40a7:665f8595:11748b62:9e85940a  -4,621.92 B

2018/06/25 dd9510e0
    59b5801f:54cc26aa:3c7b6e17:c6e301ea:0c856094   4.0000 EC
    38381a22:5f1776f5:a9b5c534:fa4d8c6d:a71a4568  -4,621.92 B

2018/06/25 e04cc723
    8464763c:27c7109d:51919ddd:b0507dbb:059dc0f0   6.0000 EC
    bd9fd21f:94edadda:51fc0790:eebbebb8:3dbcd425  -6,932.88 B

2018/06/25 1eedcc25
    45533c07:346d2c8a:d30a7f71:22685b3f     11,074 L
    051571de:93d5c8cd:88dee2c5:10b04c02  

2018/06/26 5f2a485f
    20bf71f3:9aa823dc:28bbcf9c                 190 L
    a6732933:18ddf82e:6a849d0c

2018/06/26 9ea746cf
    caf33b4d:81c7cec5:6214b925:085bb95b       -340 L
    2503b024:88addff5:8dcd0827

2018/06/26 f0d4fafb
    c3fa90e5:ff45563d:3efcce4e                 275 L
    c5cbf1ea:ab19551f:d080891b:810c783c  

2018/06/26 24f91175
    b116941e:8d6258c0:c5607430:e40f2225     -1,509 L
    6d9f13f8:8dc2c0c6:b777946e                 937 L
    a630c506:6cf43429:58bbfa5b                 127 L
    535582c4:97a602f8:69a76e3f                 399 L
    9eaa5e4e:e98b7a05:6f3df140                  46 L

2018/06/27 560e49ba
    * acd6d953:38f8f19e:7375b629              -509 L
    21078c42:222754ab:eba6ea21                 290 L
    173fd9a3:6f016eaa:99825dff                 219 L

2018/06/27 35ad6cad
    9cde5b46:747c3cb4:ead89d10                 310 L
    * d2178055:27a935f0:74b8315c

2018/06/27 59fdbf22
    ecf0b137:712b5e9e:4176a3a4                 170 L
    d0a23f15:5454ee53:d05a4cb0:89f06b3b  

2018/06/27 04feb7bb
    8fe0d519:5d86bbda:fd1ebf94:8f8ee242         37 L
    cbda2ab2:5469fcdf:924481cd                   1 L
    f4f033d2:4fa26fcf:9e889033                 -38 L

2018/06/27 c1f04e89
    58a31eab:bf3165a2:6c7d852c                 -50 L
    346dc8b0:92af735e:d32023a4

2018/06/28 f9494e99
    38000a6a:e678656d:ae55fb9d:0f4dc98a        500 L
    8e8f1d5e:f9bf475a:82c23557

2018/06/28 24d63466
    cbbc94db:f55a5215:c4324d25:64e39cdc:57a8d9e9    319.23 B
    ad7bdf99:30005591:375bdcc7:4502a398:6f771ad2           0
    073f3ef5:f9330560:eafec9df:34837582:15190d1f:c5f7dcc0   -319.23 B

2018/06/28 2c823404
    9a319528:8e3cbd92:8d473802:2a6f227a:361f6326     95.77 B
    cb5360c3:4e0c81de:beac410e:34c51dbb:90ae244f           0
    0f9fccc4:4350334a:5e031114:6015bb18:996652cf    -95.77 B

2018/06/28 83458426
    61981947:14fa7370:695ee1c3:a0a64c49:5f437fbd  1.95800 IC
    674c8610:a50f94f5:0c6f0105:4dbcf40a:e641334d   -223.46 B

2018/06/28 5f6f02e5
    a7417332:9286db9a:248f0170:bf3c31d8:eb7ce8ec    593.84 B
    eaae9784:e3c3a866:f004dd69:1546b768:323c7460           0
    a0a4bbc9:b88a98b9:16e21265:4ce17ced:eb572d72:d481ab0e   -593.84 B

2018/06/28 d0b2b50c
    53084ef0:ade2d915:aaeb1ec6:71f09d13:7ed6277c    178.15 B
    2b9fa209:fa766fcb:8eeff75f:aeb08abd:75620d5b           0
    8b5ecb6f:2341f9ee:ab70371a:3c69806a:2cac3cd9   -178.15 B

2018/06/28 6bb2b82c
    b9b2a4ac:9f021679:12b85c3c:9a20cd5a:c4a99267  8.10400 KC
    d6c7c875:deb8ebf1:e03494e6:2fae2691:5f3f9410   -415.69 B

2018/06/28 dd57b542
    68abc992:d113dfce:76fdbfb5:85daac73:0c7dc420    322.61 B
    6faea3ce:ed2196b8:1a5d5d5a:9082a745:498f5925           0
    8a4c3751:9caf5b83:a5e69795:a6d9bbe4:78048ce0:f182ddb4   -322.61 B

2018/06/28 1a347dca
    f3a1b361:56e49b11:65a60a3c:e08340ad:ed7fdbe4     96.78 B
    c8941c44:d14cb123:8a4a64fe:548442d3:87ada91d           0
    23593ae9:136e6e6f:f06daa50:216d683c:e15ab418    -96.78 B

2018/06/28 5e448eda
    d9aff2be:fd79de2a:c02a6234:76d32225:0ef3dd3d  5.46500 MC
    935fbe05:1d68ca2b:b89eb33d:037ba61f:a74047bd   -225.83 B

2018/06/28 98f0b05c
    64193864:f8c6a2ec:f8598f93:02a843b6:04b7f99d    128.52 B
    672fde95:2490b4c3:d8dd8241:2853578b:cfaa35e4           0
    82d157c1:64567f87:b28d076f:ee3f47ce:dd57a207:55e1c60a   -128.52 B

2018/06/28 e52153d6
    d0580cd9:61d3c89b:1c427201:a0e02265:de2a5ce6     38.56 B
    6c3d7c15:02fae6f8:a0e59985:f66e25bb:1d8a0dab           0
    a172a6bc:812b0719:1d6cf794:32f876d0:aef3e679    -38.56 B

2018/06/28 206dc879
    4cf392a3:f02097d8:c2c607f7:f2505b2f:9f116ead  0.58100 OC
    ea9ec894:929a826a:60369564:52a6cee6:ef33fbe6    -89.96 B

2018/06/28 17834d05
    85ab9f34:d9818b1d:05841965:7df5e3f6:faf02d8e    453.92 B
    9cfe9143:b5563fee:53f19509:17dccf80:863780ba           0
    6f20e459:b2b7022f:117a926d:f5cda440:a5a532bb:10a8d276   -453.92 B

2018/06/28 61e67a17
    2f66b532:9174dc96:556e0abf:cdea67c7:0d7eb072    136.18 B
    a7bf6891:b775888b:c5ee289a:143c004d:b574ec1c           0
    d34da6e3:33147d0a:fae3a95d:55a7f573:247166ba   -136.18 B

2018/06/28 3d0973e5
    23a9aa4e:23ecb37e:ef6f1290:8e8a2a9d:339f73dc  2.26800 QC
    56a5891a:f4f15963:9debd411:129f54ad:b9dcc7ac   -317.74 B

2018/06/29 bb5ebfc7
    01c3d2ce:ec91b1d7:cb2c3529:00f97f58:36d0d2cf      0.03 B
    438b8bc0:1cf2e875:ba32aee4:b20d7770:cb279cb6  

2018/06/30 28abf1f8
    070ce9c1:05abcda2:bdc6a01d                 348 L
    33ed21e2:0d9beefb:3a52ebf5:5a598d8b  

2018/06/30 2e7aca55
    af2b6f2d:7def0b20:edb20406                 565 L
    318da32f:e67ee97b:02e0b6e9

2018/07/02 3af66b50
    b2fe25c5:fbca8412:96573980:4e15518e        152 L
    e8ad9dfa:3569d2de:795cac7b                   2 L
    5e8a9f58:8a47a254:f39b87c4                -154 L

2018/07/02 2114e930
    c35a9afb:f91dd727:de9b4081                 214 L
    acd32296:3c77dc9f:6b723638

2018/07/03 05c5b500
    22c26da9:004512d9:141d1f15:42aae6d4       -340 L
    b1a86bda:d1f6ba01:88ed76cb

2018/07/03 69cf100a
    e19f798b:8e216a9a:bf42b73d                 275 L
    b9689acf:6078ac5e:94e5e767:4606dc29  

2018/07/03 a48e8c5b
    845cd3e1:22cd3407:e1b462f1:97ab7675      1,482 L
    945dfaf0:8f90be88:4091cb6f                  22 L
    cc6b2bda:b54ec399:31b8ec94              -1,504 L

2018/07/03 bfd224af
    a13bcc3c:6e1641e2:a76191cf               5,157 L
    04ceacd6:95bb7aaf:69f776d5:27f1dbbe  

2018/07/03 34b5d203
    f946f34a:447ac8d3:a322f24b                 308 L
    * a5ea40b1:25d00c91:625e2f45

2018/07/04 55d0867d
    d3e2fb2f:2b9dda92:e6b83ab4                 170 L
    ec0ac414:cd53bbcb:b201637a:0d8a9421  

2018/07/04 5ba8fc56
    4b49327c:4a556d51:545c378f                 513 L
    cef80659:40b421ee:669d12ef:40135ea0       -513 L = 310 L

2018/07/04 25d8af4c
    ca4cac9f:5af61e4c:03904c9b:880d4c5c      2,000 L
    252ac661:488d5d4e:bfedbb6d:27c42db4  

2018/07/05 5bf1adfb
    7173b5ee:5353af1c:0a94c4c8                 185 L
    7db66f42:ae10a254:3d21d6b2:2dffe656  

2018/07/06 61b6bb3c
    e5b67b48:babc8fdc:42e3acf0                 100 L
    56c29169:4af18c9d:89564b7c:3cabcad3  

2018/07/06 201ea561
    40f2289a:fa398697:66238133                 880 L
    2262cd6e:795572e8:eb170e12:468fd9a2  

2018/07/06 c2fa308a
    aa9e6b5c:4b67932c:5cd06030                 300 L
    21e7e4fe:0dab8d10:ee5caa75:3a6b7e2d  

2018/07/09 50e6e5c8
    b77b42b9:df3e7e6b:e552e4fd             167,511 L
    44e91727:80cdca34:6f8f260d:229dc199  

2018/07/09 8465a5ed
    5fc283f3:32bc344e:dae17120:4dc2264f:bd46f306    151.56 B
    e322ae56:32bcd2c2:7ed73f70:13e60535:0595382e:406b8c47  

2018/07/09 2b797ba8
    bdc195d0:49b3f443:36e9cbc1:36cc179d:3f76c49b     45.47 B
    87c3a9f5:298c8b62:8981f1dd:b9b00672:3f6ccb66           0
    0281fd90:d567f5ca:62c1ed36:0cd27c27:67972b13    -45.47 B

2018/07/09 bbd16959
    4d304950:69ee0a91:eb2a151f:cad56933:4ec6b6c8  1.33900 SC
    f8c7893d:da619db7:92960b08:9da70603:ef001911   -106.09 B

2018/07/10 1c5e4cea
    d5fb1627:0a70bcc4:0dba904e:de9175f8:f707ff0e     18.09 B
    e43f8cf2:5201d2fe:be8f03a3:22b918ba:b005fbde           0
    9c26234f:8bcda9c1:a666b059:30f3efc9:b69102c7:fc746479    -18.09 B

2018/07/10 47a7042b
    fe62ae75:f29e23d5:5c59f2c6:892e4650:45201360      5.43 B
    101a6ab4:78ba2aff:c7468bab:b3d5ea82:455ef4fa           0
    bf423ee5:aff2eb43:e245d23b:6cd13731:cc7078bf     -5.43 B

2018/07/10 2ab2d641
    d52645c4:50e1be21:4c920565:3c537930:73297c00  0.45300 UC
    eb604578:427a40de:4a460308:b6b6c50b:d88a95c9    -12.66 B

2018/07/10 49ac37bc
    120ff3a0:e76d8311:8f16e4d7:ffb6118d      2,989 L
    241a7235:56ea446d:3ca85cf1:f636d0fe      1,000 L
    fe66ed2e:381214e0:8e290546                  60 L
    fdb2ae59:2e9103a7:132db5e3              -4,049 L

2018/07/10 b8093d8e
    f87bdd85:0fe1f319:1fd05c5d                  60 L
    * 52646373:75e93656:bae30273

2018/07/11 53603e1a
    70dcd630:27b2a73b:40346d8b                 238 L
    29a100b9:8f014701:6736f1ce:87956ae5  

2018/07/11 0dec0d52
    988049d3:9e5c5b8c:0810d9c9:5ef1e9e0      3,000 L
    63fb0eb4:ef625153:5ff71965:cca6eeaf  

2018/07/12 a27242c4
    b5d48bed:f2bfc271:ed9ceeef:3c4414ce      1,000 L
    e72b1c2c:93570eb4:63e27d63:b721d8fb  

2018/07/13 11a0794f
    06f446b0:b90fabe3:bf70384a                 560 L
    a7c8426a:eb660678:2b332adc:808e0265  

2018/07/13 7d4c006f
    9f6c1880:a7962ad4:1e84de65:150e0ade        500 L
    93e428d1:16ffb481:338ccd0d

2018/07/16 e256494a
    1c86cb71:f50804ac:abda982f                 140 L
    4f3af2ec:a947cda6:9298a3bf

2018/07/16 23125206
    d51e28de:33c47b1e:1fe82943:0737317c      1,874 L
    6c1b9f73:1212a5c1:dfdbf87a:fc728e88:7a606d94  

2018/07/17 1325c033
    f09a05f1:36a540f7:bc62d69b               1,437 L
    340aae7e:f1d26009:433f9b77:f0f07ada     -1,437 L = 2,610 L

2018/07/18 4bcbf52b
    48371f30:1e6130b5:abbc02ca:5ca09b2b        214 L
    bae4c744:93d31586:b20b1154                   3 L
    b14f6a76:30694423:ddf12daa                -217 L

2018/07/19 c7a58543
    e578d4c4:c15855c7:212524cb:3fca4ebe:67e99e41  -21.00000 VC
    b2517680:18f13689:587955db:56a51c88:687aa078  2,400.68 B

2018/07/19 b031413e
    9bedf5f5:35546f29:8a745488:85b65160:f963cc77  -27.00000 WC
    e30c5914:80bbbbaf:786f8039:3367aaf1:8a1844f4  4,341.76 B

2018/07/19 ca8494a1
    17e002b6:48a52190:4b96e05b:c78568f5:868c4163  280.00000 XC
    bf90134c:2682c313:71a4deaa:34c4fd9c:7a93b907  -2,760.75 B

2018/07/19 f5592a58
    d598fd4f:d11fb854:5c65ac54:7d549162:a15dfcc3  106.00000 YC
    2d053965:b76286f2:3016548e:8d9aeed1:e7d6a879  -1,782.96 B

2018/07/19 0fa0e9a8
    21965200:e9147959:168414de:8ece5a6d:6abf57a2  59.00000 ZC
    6a70546c:1deca7f2:045aa741:a0f706bc:169f6406  -4,827.52 B

2018/07/19 bd1ab493
    12fb3db5:5858f9e2:13a07e32:8b8aad01:2495afa6  104.00000 AD
    c95e1d08:380a2056:ff7cac91:504b13fd:6f41897d  -8,252.59 B

2018/07/19 b2171025
    8292a3ba:1371ec51:bb4ffa51:a7fcf6c0:247a73f2  -4.00000 BD
    8ba576ce:c817e68c:607130ac:d01453ee:c0ce86b4    162.37 B

2018/07/19 ab7e8d05
    6fd51f6d:311dd7cf:83613021:7fd19578:630a2c5d  -22.00000 CD
    13bb1fe6:2f30eb59:10ab48e1:1a1ffde7:7667e4ea  1,140.89 B

2018/07/19 f6714acd
    dc6b9351:c9718cb8:6115fd78:785253b6:71e025ab  -68.00000 DD
    770ee2e1:c0dec3b6:23232cd3:406b7b15:37b9b8a3  9,867.19 B

2018/07/19 322aaaf0
    3977bd4f:626b248d:84f5f8da:6193279a:2f7a445f  -1,471.08 B
    2a13f783:2535eb5c:e4bcfbab:f53f59c9:a5a522b8  53.00000 ED

2018/07/19 228ead79
    d15b9c5d:42397515:3d76ced7:5e2dbccb     61,663 L
    06f03610:069e0fdd:d1e5a38d

2018/07/19 c18834d9
    74c73189:eb151d4d:a16a8673                   8 L
    7d1f2610:a4a4085d:a3e9f383:cc744222  

2018/07/19 48dd48c5
    ffbf4a15:6416ffd3:5006a9d3                 374 L
    ac5cf4d9:6dcc1d3a:cb646859

2018/07/20 0de0e5c9
    f7b28808:da220c48:cb6c53bb:0a4a47da        280 L
    e7bae656:a9b683c4:4dca439d

2018/07/20 5f475694
    1588fa2f:79881b58:bc282729                 630 L
    * dc0fa366:f74f2518:1a753552

2018/07/20 da76a381
    542a9f84:ab347be7:b1f7e183:cf4c1ebe        370 L
    * 0456e856:bc65f625:9efc2cda

2018/07/20 760e209f
    fd6fbdd2:ff37e62c:47f859ed                 176 L
    59e513a3:564d5646:a73a6a2a

2018/07/23 d234286c
    eaaa0544:bd683c48:ca165f19               1,547 L
    d2c3f7f9:4f1d32d8:4427a8a8:e204d453      4,800 L
    a5be38d9:2e856e48:fff8c4f3              -6,347 L

2018/07/23 db36d792
    ebf79728:c9f797cd:bf897cfd:508fe8d4:d586d703      0.03 B
    e1629931:3435b5e6:9ea9d5e9:a9b5ae78:47723e6c  

2018/07/23 d888b1d6
    74b5c6b5:4f72586d:971f35b7             164,361 L
    a6cc8917:4a984a6c:e9cbbff0

2018/07/24 0d453500
    87633698:f6777bce:be4872df:8778d015      1,000 L
    8ebd88cb:ca264f96:8e0b4c1c:7e5d598f  

2018/07/24 01af0232
    064a8361:1b3d7460:599ac3b5                 297 L
    7ee76bfb:11edd209:3aa96907

2018/07/25 92756d6d
    19b73e62:8c1ab320:a1a618c8:7274b79b    199,859 L
    29af744e:d47d33aa:965ac23e            -231,667 L
    3f2452fb:1e8f86d9:46b92c48:371c9f1b     -2,900 L
    d9aca88f:357c6d63:1be7c4ac:81afa244:b181da9c    11,428 L
    26b3b983:814c4b7b:37d48b78:69d42a62        962 L
    52b4981b:a49a530f:f2223af9:01a6cdc4      2,561 L
    148e7d17:f3dc889b:b5744402:b3fea45c     -9,000 L
    c2c65bec:4709cfde:dd4248f6:db386148:b55c448b     9,000 L
    02681af7:e3c5276a:e9997928:fee844bc     -1,300 L
    b374da87:8eb163ac:514e6647:28ea3c1d:e9054ed6     6,000 L
    c72382f7:a3ba98bc:05cfa583:4a85906e     -1,149 L
    d22d84d4:3cc6bf2e:e99b435c:0a6c4826      1,149 L
    db41d785:53b10184:0f7a6c25:5f49b75c:5b6edff7        57 L
    88fe3336:7a66e9fb:6f00fae5              15,000 L

2018/07/25 d5b498b2
    8364417f:709f7866:236c5758              50,000 L
    a85a2afa:059d0b47:efcc13b4                  12 L
    cb2e44eb:efb02440:b16ccd5a:33ea81a2    -50,012 L

2018/07/25 eca9df13
    e1ca2034:d40d0858:fc6fcd6c                 500 L
    816c53bb:1d09dee8:2fd158e4

2018/07/25 851850c8
    94012646:5277784f:e476b329:bb1e7a87        500 L
    21cc71ba:9386f5a2:d5928be6

2018/07/25 29c9ea45
    a86b215e:62006836:4c1b10cf:11aad23c     11,074 L
    fc66c32e:40153a3a:66f5fbf0:71301d12  

2018/07/26 3741961e
    1a789272:01819c09:ce20b65b:9920697c      1,000 L
    9d560430:12127e64:95abca23:8053da3d  

2018/07/26 c8cf296c
    fda25182:d27dd030:190feeca:e7421351     -1,441 L
    8b7aa512:8a7afb23:b14cfe14                 937 L
    083113bd:34cf66fe:f444eeb4                 105 L
    3ebc465e:45b0ce6d:4915f6a2                 399 L
    bf78e2a5:a1c23e13:2d54a11e                     0

2018/07/27 2b9028c6
    1154c34e:a54aaf12:0af29796:5a1b8b00         37 L
    2b3d9955:631b9f5f:7a118f9c                   1 L
    a4de7138:23db36fa:b18b2ed2                 -38 L

2018/07/27 b9dc8048
    62a982b3:60479a4b:2f063cf9:0f537771:beb94f28  -48.0000 FD
    a45dd530:5b2f027b:a7a6c762:6da7d727       0.78 B
    f81bba1a:eb461412:80b5a370:970cfba3:17d341f1  60,921.30 B

2018/07/28 4a487afe
    54f5bbfa:0d352f37:e152de3e:11f18408        281 L
    b7857b05:2dc45b97:0cb048bc

2018/07/29 2d0c0ca5
    513d648b:3f168695:f5e99c10                 300 L
    3a513e42:cca0f200:957acdfb:06295582  

2018/07/29 bff333a3
    032ad9fd:87154a1b:5b010229                 350 L
    e4f9825f:9fcc5cb5:a4b1ccd7:d32a455c  

2018/07/31 8c095b1d
    f69d96db:6a0a0e8d:c2016ace:020d5db2:46a4bca8           0
    1079e41f:fbe4dc1d:71a606da:26d7e844     49,035 L
    d373aae5:3403c841:100f6797:f4b65e3a:2555b3dc           0
    0c838380:96616cc3:573c2804                  10 L
    7bc980a2:857c86ad:d49b64c7:4f077388        955 L
    bc3fc7ec:17adc098:0b67abfd:9b7cf610:4e3728b6:5b5b2d54   -50,000 L

2018/07/31 99a1b48c
    33b43f80:2c6ef32c:db143537:4cadb4f2:e396c9a9  2000.000 HD
    b4fff753:ca1538f2:f772a55f                 244 L
    ad893620:1d19a976:fc8a70a7:07ab36d6   -171,544 L

2018/07/31 ac99d6fc
    ca8a063a:adabe450:d3dc6575                 457 L
    a4f53e6f:80a815c2:d8f5be3c:71c1939e:62eb63ae  3000.000 ID
    1b6f3a48:3ce657c3:a4847044:8216b5f7   -321,457 L

2018/07/31 36d9b255
    da4dc2b1:3d0f5904:5e8b45ea:e76b4fb0    408,085 L
    42b43966:4acf1f14:4c1aea15:83bf6d25  

2018/07/31 8181d620
    e0cfd545:3f736fc8:52e3583a               9,935 L
    a684e047:9c44f643:24238c1b:8499af40  

2018/07/31 7aff8567
    6c6c0350:72bf8e07:a16689ab:af89e505    150,000 L
    d789c773:d9974f43:3a36d158:c0c2a814  

2018/07/31 8826adda
    5eb7067e:78538a4a:3cd015eb:7caafec6:bca7b0c3      0.02 B
    1a8a6f61:de660869:4cd18357:3f58d248:02dcccf7  

2018/08/01 6f850976
    6f779c8f:b2e3da7b:a3c0e1be:404e9795      2,190 L
    c4a03314:17ae194d:896851d9:8e426a9a  

2018/08/01 ca3b6b89
    b9dff186:dea954e6:2c29b1de:00fdd498      2,190 L
    a3360724:2c07694d:297c4863:a590e297  

2018/08/01 6c20f1cf
    0f76984d:bdbd285b:952d5b25                 200 L
    b492af1b:f4efc473:4db333f5:316cb1a2  

2018/08/01 888c52a9
    2d9a7cd7:17bcd8bf:50e6cefc                 800 L
    cecba072:99dae5eb:72ab8d66

2018/08/01 6d8f6511
    372b0f5d:ae08dfbd:ed0f8d57               2,285 L
    fbe30651:914ab396:9ad94829:2b894ac3     -2,285 L = 5,275 L

2018/08/01 06472062
    243671a8:1d2de17b:a31d18b1:05e0d2c2:ad5ef2fe      308 JD
    68efa3f7:fb9a39b2:b6757307:59003109:ab059c40  -60,883.09 B

2018/08/02 1222b283
    ef4816ec:b6b08c53:01bbc0ee                 363 L
    1022f9df:b4c71837:92bc9a85

2018/08/02 dc53fa23
    8a21de37:062727d3:857dfacf:96ea363a        153 L
    1f4618eb:2ca9e781:c8d07f71                   2 L
    ba3e7149:16c2a8cc:4c94e702                -155 L

2018/08/03 ac6de969
    a599d113:75ea659c:b67ebb7b:7aeb680a      1,478 L
    440f9a7e:c800e88e:7d75113c                  22 L
    387799a0:4dbfb7bc:20b34ea0              -1,500 L

2018/08/06 c4db1be6
    4c0ad666:76783728:4947db00                 200 L
    ec3afbed:a9ee5a8f:c26ca166

2018/08/07 8a330ca1
    dca8e83b:8807e57c:ba420b81:f9ccf25a        500 L
    23792755:295ab3bf:d09fec87

2018/08/08 80f1c373
    abb8151e:a3c3ac0b:1244f621                 150 L
    b4bdfc3c:6b9902c3:d0c4b245

2018/08/09 3140c6ef
    50032437:cef05cfd:20335b8f             167,214 L
    f7f324bf:9252b7f1:c3c959fe:958fb8d7  

2018/08/09 918dadcd
    f5ef8f6d:a9cd03b5:31da54bd                 352 L
    739c1b71:989abdc1:42a2ad47

2018/08/10 122b1c82
    1be3364d:0984cf03:1a978941:492add75        200 L
    3c5c70e3:16b62a1f:51db733e

2018/08/12 a3054e17
    fe6a9727:b0bfe886:6145be45                 483 L
    400c1c37:b873bb4a:454b2134                  15 L
    3bba2019:82eae44c:b7da2722:460a5e14       -498 L

2018/08/13 5f9b0e3b
    137b3b8b:8dc9f56d:c1f4dc78                 480 L
    225c3fbe:23c15091:fc109e1c

2018/08/13 02be3ed8
    2ac42797:361efb5b:3cd64000                 748 L
    c1a904fa:0ec55902:68d0bcf5

2018/08/13 2ef51cce
    d4f75165:815f3ba7:aed69235                 220 L
    88c83b4b:7008b292:fba201d9

2018/08/14 05d22a81
    0f2f92b0:daa1fd2c:b41fee41                 200 L
    7d4d3367:f3da8847:b2c95abf:ed9a4d23  

2018/08/14 efa0f403
    82215df8:abe842e4:cb67ac68                 451 L
    d215cf2e:2f0037eb:eb17ded7

2018/08/15 c619c0c5
    84973adc:fe0c223c:4827b069                 130 L
    84c63049:ad219841:a74f2f7f

2018/08/15 76999bab
    0c5d3989:033dfcaf:6ffa75d3:17af084f        421 L
    a3f57e33:da237299:994c9869

2018/08/16 84911071
    0b305dc9:d93db5d3:be98f68f                 209 L
    876a21fe:bc6888c5:e28aeab6

2018/08/17 09cf4749
    317cd889:c66361ec:8b8e28dd                   9 L
    4777fb2f:9c334c82:b170a60d:47b5097d  

2018/08/17 1f0b57a3
    40b60f32:84c6f13a:b614227c:510a283c     61,663 L
    c1514cb0:21fdaccd:f216b751

2018/08/17 83a7d9e1
    7117872c:2df16a53:c9e20fb4                 200 L
    bd3bed07:520a3c5f:40aad9ff:d4db71b0  

2018/08/18 be303389
    8b0a54fb:1103e5db:d8904358                 613 L
    b912e8ec:4e869c25:600203ba:99b5382f       -613 L = 4,462 L

2018/08/18 514a1a08
    65d8d490:6c7a8898:e9888984                -218 L
    20a7f887:55a87190:109e4ec2:06ad71bc        215 L
    1cc3945a:d251bc7c:2b3c6b68                   3 L

2018/08/20 4d73cb92
    7c5ac5f8:ba3b844f:51b95741:ef283788        280 L
    634b6b48:440d3262:de0afc6c

2018/08/20 5ac6d34f
    6ceee37f:855ee223:b24fa3a5                 630 L
    ef9fe82e:d8d75ad8:dc25cb9a

2018/08/20 423c4cb3
    bb4e49cc:c751cdc6:647c1b94:2bbdd6a7        370 L
    ea578410:06af48ae:f85e3dd0

2018/08/20 a4c1fad2
    ac8b0a5c:2a701e47:0545018e                 100 L
    6c728155:4f670dbe:ee2736c6

2018/08/21 3bc81cce
    b8400cd7:12660c26:50f3294e             164,361 L
    dd9ae1e5:ffe9737a:8645d6b6

2018/08/21 14353881
    d4f0c69d:cbd9e43e:6c41fc7e:e872c37f        500 L
    ecdf8220:30091a43:94ad08fc

2018/08/22 f59ca548
    0bf3b15e:a4e3ad8e:532edfe3                 225 L
    fa4b3592:468f41f8:e5568784

2018/08/22 be502204
    1e34e9fd:312cf02e:5c357e89                 151 L
    30ea91ab:af09e1ee:3b32be32

2018/08/23 7de96859
    e6c5abdd:74af9072:f412732d                 130 L
    18c9be75:bc6000a4:876445a7

2018/08/24 41517673
    4d5cba07:fd5898dc:0655a2c1:8ac46099     73,265 L
    079b02f7:9c229610:536d3efd:06531e15:08eaf57a           0
    f2ee878a:194598b6:6ab58170                  10 L
    3655ba7a:fceeb40a:f9b9e0c9:b511f0f7      1,427 L
    1cd951eb:d460e23b:bcadd85d:3849b202:dfb1e468:64c8c316   -74,702 L

2018/08/24 c3db8aea
    6433d035:9566562d:663def82:cb2bbf02    199,859 L
    a18b5374:742e8317:b1c0445d            -231,667 L
    0715d756:ceecb0d4:8929ad52:41fa81de     -2,900 L
    f2b0e68e:16f9a534:df78d1a1:78722f9e:c861c963    11,428 L
    5cc44642:93055b83:38f6e715:5bfbff8e        962 L
    2a1e1437:58816912:308747c5:af042b32      2,561 L
    b4efc25a:5deecb50:c0eab02d:e2eb3ee3     -9,000 L
    56659adb:ef11b0b7:28d33136:a828d3a8:0db2c7fa     9,000 L
    db17658b:f02d1fe4:14e606f0:6cd1f559     -1,300 L
    1a0595a9:563d17be:d9a66a98:a481d362:a79a3a0c     6,000 L
    bfddd47c:17bf594a:2feed068:18c58c66     -1,149 L
    4eda872a:10adde45:770b38c4:efa9eef0      1,149 L
    b95b16b0:eb01f85d:e23ced06:3471ff28:6c8ccbcb        57 L
    a0ac54d5:f7b47ee7:fd863187              15,000 L

2018/08/25 cccc4581
    053019cc:813167c2:37c930a8:ff494d45     11,074 L
    0934b96d:5b2afbf2:cb1ce8b2:6a8b1673  

2018/08/25 2ec06136
    ad0fdb88:93e2196d:96dfb290              50,000 L
    b6afac46:68b42652:d84a7374                  12 L
    d7312e49:9c62ff34:8bcb3b6f:5e7b903f    -50,012 L

2018/08/27 4f2203af
    6a9ddb8e:4e213ec1:b918c5a1                 500 L
    05af4e6c:36be137d:4f819a67

2018/08/27 7b209a75
    3cde16fa:339807d1:4be73e4d:d525ca40         37 L
    ec36c3bc:322ac016:c7e7dfc2                   1 L
    85f70697:02aed92c:da11c3ba                 -38 L

2018/08/27 3cba24e4
    7304c8bc:f5fc78f2:efd285e4:fb5495a5     18,190 L
    644a2b9b:2b66e043:008e258d:ceb59d47:e2a5b964           0
    c575cd57:980bc83c:3a98fc60                  10 L
    71a9a9f2:567391e5:24936efb:087dc3ae:fe228aa3           0
    8e413088:66a777f5:4be68853:2a8036e1            0
    fc76a0ea:7e84aec0:a67571b5:b34b434b:0103a66b:c5253acf           0
    8177273c:19206f53:2fa2ed29:24286c61:95d01459:f6c053fc    -8,008 L
    4a7a5f70:d0156977:34feee30:adae3962:8240f91d:36cb96a1   -10,192 L

2018/08/27 76e75c03
    560b96e2:dc41104c:7c7a5cdc                 100 L
    ea0faebd:ab11d053:20d710f9

2018/08/28 414be0f5
    e3249add:a178b357:0a5b5443:11998eae     -1,478 L
    bb65df49:af74dde9:996bf93a                 937 L
    7b1735f3:f39a4f05:78c4a7f3                 142 L
    4c718a70:4d4857be:21fe27db                 399 L
    b1be91d9:f195f92c:90a65404                     0

2018/08/29 85a25a93
    b1a459b4:4931f0a8:d3e4f9df                 451 L
    2143bcc7:c841e71b:baf646ef

2018/08/30 06ab1b2c
    ad5807be:ee311332:c2e00603                 275 L
    29506e82:05ad4cb5:c0c7763e

2018/08/31 ca83a70b
    db9e22c7:1c17c53b:43e04610:e7c40149     34,970 L
    3f64908a:4540d4f9:cdd2bd8a:6536d02d:021ee038           0
    a30be405:9b440219:8c48b3d3                  10 L
    099a7fa2:f2a906ca:1ab70c89:937b23a1        681 L
    9726c46b:d2d00c21:ae41a5e4:144bc179:dca4cac1:4e419e14   -35,661 L

2018/08/31 49813d8a
    fb0713e4:8a01c932:85e8ccc1               4,771 L
    7b84de65:3c47e922:1a79879c:af76eb88  

2018/09/01 03bbef15
    35c4d8be:dbde828c:fe49188e                 990 L
    1289e356:2b84bea9:6a8ada7f:e0a6459b  

2018/09/01 b1be5a28
    80cc9f45:87beb624:28f6b296                 200 L
    9fcc434a:aa837e04:8adfdbad:6d1a2bb4  

2018/09/02 28ef3284
    d6966157:2f906130:c1431b12                 295 L
    ce9044a9:8109219a:6ba92626

2018/09/02 5ca2e6b5
    a8e3f66f:97532612:b55ee3b2:e7f120c1        153 L
    2bac7ed7:a2479e87:f3eb9267                   2 L
    4a3eb916:4806ac22:e34d53e1                -155 L

2018/09/03 7ccd63b3
    869ae895:4aeca0bc:6e76a0f5                 199 L
    78c4eaec:70689ab6:f5894274

2018/09/03 c85c5cf7
    10b317b8:11b33af8:41e5a44e:5d33c6a0      1,466 L
    588dcee2:230f94c0:ea3b200c                  22 L
    489d5124:614a9029:141c3709              -1,488 L

2018/09/04 d2cd4e0b
    4d538d6c:5f0ceae4:18977138                 189 L
    6199297e:8c77752b:8cec5536

2018/09/04 a18c0709
    3c5acf88:39f86ce5:ea1843b4:52f9b055        500 L
    80d05be3:36aaf821:9c9392fd

2018/09/05 d1b8d545
    b28f66bc:c8c3d682:6440e829                 150 L
    15d1fb24:01b9377a:1d294ba5

2018/09/06 d3c2780f
    59ce707e:3905c2df:3a5ea319                 130 L
    dabc2bd9:c7ead985:d610a6a6

2018/09/08 75a39cd9
    97a12df6:11cf2cd5:384d37d1                 700 L
    4394f226:9f5cb205:54e2b4bf:c487dd6d  

2018/09/08 c6fc6d70
    c5979853:bf805ad5:65c8ea12                  90 L
    f854601a:6aaf8b27:f9831500

2018/09/10 c6d87b3f
    0b648d64:364f82b1:f0758eb8                 130 L
    7a115139:346e23a6:e0147d17

2018/09/11 8b2cea72
    c52389da:4476b7d0:14f92da3             175,149 L
    d650df55:23e09e24:369b2957:38aae040  

2018/09/11 0ba95146
    195d57c8:26121c3b:dfb627e4:01304d0d  43,098.21 B
    4f3f085f:1145dd98:74fd52c6:22e07ae1  

2018/09/13 23661309
    388a1bd7:d732dccb:f7a516b5                 162 L
    487665ce:94b0552b:1d61b8e7

2018/09/13 fdb3f031
    b246034b:6400edf0:0d375c97               5,700 L
    da40f35c:d0d35525:7b957f0a                  15 L
    522eddf8:e6e27649:c5bc7b3d:b9fe1a6d     -5,715 L

2018/09/14 1d5820ba
    44192145:e60cccf1:8a58ddd4:b35ae836      2,300 L
    ce320450:4a5184b9:ba77ad73

2018/09/17 f33bb9f0
    31a5b457:8e047a49:49bc2e6d:b0dc00b1     61,663 L
    6a28015e:c4d8b30d:f05310f2

2018/09/17 c2195c63
    ad81ebfa:d15edafa:8bf6e52b:8b39c9e1      1,874 L
    915c8322:d8ca842c:df53a508:1e20df1e:45cca55b  

2018/09/17 91852b20
    fd716b70:6c5f3297:d5ff133d:da4e0ba7        500 L
    94d7e7fd:02737e43:346e7925

2018/09/18 3e8b036c
    654aa13f:cec1dfa1:63d1ca3f                -219 L
    385b57b7:1e6d6d6c:f8332fcb:820a9123        216 L
    db104228:add487f3:1149f909                   3 L

2018/09/18 cd16600f
    b5c47af0:b670158b:3a142d5a                 280 L
    14339471:b8122591:4f6f05b7

2018/09/18 e0b48288
    097f587d:794e3def:e83289ea                 899 L
    08d29dcf:9d6bda8c:3f705033                -120 L
    cb5e9024:a04628d5:e8b5ef3a                -779 L

2018/09/19 6a924461
    5b1d1274:bb3998a6:b854f4f7                  48 L
    973c4747:26d03e5d:9e258348:d0117be5  

2018/09/20 445ad1fe
    ec64b04d:10d936c8:c998906b:ea56d6c4        198 L
    6451cd96:e328d2d7:8fc4af95                   3 L
    3d242e03:8e087281:4b1ff5c4                -201 L

2018/09/20 973c6f5b
    8e43bb90:26f09ad5:d9a4b833:fa4ec782        280 L
    47fd721f:afa2cc41:7b063731

2018/09/20 fca4828c
    a4cae6ce:b0deff04:8375a98a                 630 L
    c9e93cbf:2e98953d:eff52952

2018/09/20 eeb0e86a
    950f64b4:13657fa5:bf64edab:e59f940b        370 L
    c5533e98:e423aa57:48c63db2

2018/09/21 98146452
    bb331a36:1a4cacdf:e18c2baa             164,361 L
    1f066198:0e0f61ae:42ae388b

2018/09/22 917dd9d7
    6591ebe2:c5d23577:e46f35c4:37db15f1     -1,300 L
    b8f93c67:503231a3:993884a5

2018/09/25 97c1a382
    2f4f133b:4ca545cc:ff4dda1a              50,000 L
    5146d6d3:8488e966:f510f00f                  12 L
    232c9c59:86e042d4:53346484:a23d29a0    -50,012 L

2018/09/25 a98b6280
    85ef2202:197d5518:1ada7e38:84721281:c9020d35   5.0000 ND
    147e2ce8:25c8deb7:519f1f65:709496e7:db185cd3  -5,866.85 B

2018/09/25 39afdd34
    e896f110:96c888a9:57d85329:e14bb816:54d35ca9   4.0000 ND
    2473d912:2d7189be:7ce98dfe:651b45ba:03df6a13  -4,693.48 B

2018/09/25 cc87677d
    c1e2e00c:b1c2dc12:b0402948:346fd15c    199,859 L
    288d337e:ad274556:561f8aa2            -231,667 L
    5f68a3b9:18a20c40:b848a268:88e7ef34     -2,900 L
    fac8dc92:d9a32a18:3cb341ed:f94cec6e:065e307b    11,428 L
    ba21b2d2:80292290:e527fa51:7a81cb8f        962 L
    dd0873c0:07eac89b:beadf6ce:7e27ed9c      2,561 L
    2a04f2ba:7d740f1b:f220e7b7:676da562     -9,000 L
    5a6567e2:47cd507b:6fa35f67:d1dfd60f:74a3cb90     9,000 L
    c3fe75ab:e73ce6cc:7fb94da3:cac14251     -1,300 L
    b0ba30e3:278a0ef6:1125983a:7085146b:9120af3a     6,000 L
    6cce9361:d7b3d8ac:27d58e6b:06784997     -1,149 L
    6548f3b2:f7dfd10d:70761919:ba869288      1,149 L
    d4a6240a:87a332ac:c63dc4a6:1c2adb3b:bd4e011e        57 L
    0e37edec:0c4c58c1:125caa22              15,000 L

2018/09/25 17295c2c
    ca63fbcb:32fe695d:9fabe945:fff51fe9     11,074 L
    ef1eada6:8d77e25e:3897cf87:9f8553c2  

2018/09/25 19a20b5d
    e6f56c14:0fbc66e8:e98bb090                 500 L
    9d26768e:3df06065:d0116226

2018/09/25 7d0f407d
    a3eef26a:28a35147:916faa94:73c41e4f     -1,409 L
    49e2ade8:c2837a10:9e3ee849                 937 L
    3ae0d8e5:8bf73b7d:24d093a7                  73 L
    bd706311:bb80f538:47808dfc                 399 L
    5d7c1962:7e791e03:205ba046                     0

2018/09/25 9cb7a62f
    0d286a47:2e04a03d:7cab2407                 150 L
    8055db31:435d3783:a02e7ed1

2018/09/26 17f5b20a
    68a6957e:1e38f268:6de2b901               8,499 L
    6c549fca:353f922a:0abc4942

2018/09/26 17a7b4f2
    f1361c64:43a2aee6:16609a9a                 120 L
    033f7dfb:c517e604:34a76dcb

2018/09/27 38b234d5
    763205e2:1490cba6:7f81e3f4:560afd12         37 L
    9bc1ba7c:911e0e23:48c7f9c4                   1 L
    edaae66b:9a13bc51:79d8495d                 -38 L

2018/09/27 b5ea2c94
    4ddac303:a0a95ca3:dac8d53d                 130 L
    31da12fd:bfc8c38c:58560e3e

2018/09/28 6cee8a0a
    e4e5b0ff:7e4a11a5:0e3eaf8b:f15fc0f5        500 L
    a8c263ac:ad92a524:66004389

2018/09/29 12f6da7a
    a0b8b4b5:dfb7c6d5:3b77ab1a               2,272 L
    65b40a6d:9be7cf48:c3a1fe8d:2b2103be     -2,272 L = 1,300 L

2018/09/30 20d7e8fa
    d1fc7c6f:a4e3b312:4c361d63                 330 L
    f680271f:c52963ff:e31ceb9b

2018/09/30 ce547424
    9e22642c:095f293b:b7342f94                  80 L
    b14cbe1c:f6c6e234:17f65c68:7d596918  

2018/10/01 e8664a65
    545d0aef:cdd01b8b:af2f7b1a                 200 L
    8b763b1a:5227b186:ddf2c726:e21b8781  

2018/10/02 51f8ca58
    2d7d49f6:12097088:0b01da08:c18a44f9        153 L
